3430 5122
379 197 483 244 CAPUT
507 200 529 245 1.
544 199 684 244 ‘SEGTIO
708 201 729 246 1.
756 201 795 245 DE
819 201 1034 246 TESTAMENTIS
1057 171 1224 249 TACOENDIS
1406 179 1471 250 279

332 577 372 624 DE
397 579 649 626 HEREDITATIBUS
672 579 755 635 QUAE
779 581 819 625 EX
843 570 1048 626 TESTAMENTO
1072 581 1279 628 poossumus

776 761 827 780 ἡ

506 871 532 920 ³*
626 947 627 950 κ
675 895 918 968 ememor.
1000 991 1004 998 .

566 1061 606 1106 DE
630 1061 847 1107 TESTAMENTIS
869 1061 1036 1132 ssopsssors

454 1201 535 1268 Aer.
561 1203 587 1268 Ι.
614 1202 663 1266 De
686 1203 899 1268 testamentis
922 1199 1147 1268 ordinandis.
1228 1185 1233 1193 ⁴

187 1369 265 1439 536.
292 1373 554 1438 Testamentum
576 1373 640 1438 est:
674 1369 866 1438 Votootatts
889 1377 1030 1439 nostroe
1055 1373 1146 1440 tosto
1161 1373 1340 1439 sententia
1364 1371 1406 1437 de
1429 1379 1466 1437 eo

120 1477 220 1566 qood
243 1479 321 1567 pers
339 1485 415 1564 post
438 1485 585 1544 mortem
607 1495 711 1545 eoam
728 1477 815 1567 'fieri
837 1477 919 1544 vetit
937 1478 996 1566 (t).
1017 1477 1216 1562 Sententia,
1235 1475 1324 1546 idest
1347 1479 1468 1566 propo-

121 1581 234 1651 situm
259 1581 413 1652 exterius
437 1601 652 1672 expressum:
680 1587 782 1668 iusto,
810 1583 899 1652 idest
921 1605 964 1651 ex
981 1581 1068 1667 iure,
1086 1585 1162 1652 tum
1178 1583 1290 1673 quood
1306 1583 1464 1650 substen-

121 1687 236 1774 tiolia,
261 1694 338 1758 tum
361 1689 474 1779 quoad
497 1689 658 1758 formam.
687 1694 790 1758 Porro
819 1688 1059 1758 substantialia
1090 1689 1247 1759 omnium
1277 1695 1467 1763 testamen-

122 1801 246 1865 torum
269 1795 355 1864 haee
378 1799 472 1864 sunt:
502 1795 564 1880 1⁰,
589 1799 798 1865 attestator
821 1795 996 1881 heredem,
1025 1796 1078 1864 vel
1095 1795 1299 1886 legatoriirm
1319 1797 1366 1886 (2)
1384 1797 1469 1886 ipse-

122 1905 214 1986 met,
240 1921 306 1970 neo
329 1901 394 1986 2⁰,
420 1919 558 1987 prorsus
582 1901 769 1988 incertum,
796 1903 860 1986 5⁰,
887 1907 1097 1972 testamento
1121 1903 1157 1971 in
1182 1903 1267 1992 ipso,
1298 1903 1466 1993 designet.
1569 1968 1572 1977 ,

122 2007 374 2092 Quamobrem,
400 2027 461 2096 pro
485 2028 556 2076 non
580 2004 707 2096 s'oripto
731 2009 797 2077 erit
822 2010 879 2096 (ex
898 2009 975 2096 1⁰.),
1001 2029 1104 2098 quem
1129 2031 1244 2078 meree
1260 2009 1393 2079 alienae
1411 2031 1470 2079 vo-

121 2112 256 2184 luntati
281 2112 438 2203 permisit
456 2113 516 2202 (5).
544 2113 606 2183 Vel
633 2115 689 2202 (ex
706 2115 787 2202 TA),
813 2114 841 2183 si
865 2115 894 2184 is
917 2115 1012 2184 nullo
1036 2120 1132 2184 eerto
1156 2135 1383 2204 personarum
1413 2131 1466 2184 or-

121 2220 222 2306 dine,
248 2227 362 2306 eoetu,
389 2240 537 2290 numero
561 2223 831 2310 comprehensus
855 2221 911 2308 sit,
937 2227 1073 2311 utputa,
1108 2227 1170 2312 pot
1202 2223 1316 2312 filiam
1353 2243 1469 2312 oseam

121 2322 294 2411 demerit,
308 2331 370 2417 pot
388 2329 529 2415 primes
553 2328 601 2396 od
624 2326 737 2415 [eoos
760 2348 877 2396 meum
900 2333 1036 2398 verterit
1055 2330 1115 2418 (dir
1144 2328 1177 2398 id
1200 2330 1470 2420 tantumodo}

188 2543 235 2623 (1)
256 2545 292 2603 L.
320 2543 347 2616 l,
366 2543 430 2606 Qui
445 2551 572 2603 testem.
588 2545 654 2618 fae.
668 2560 772 2620 poss.,·
827 2543 851 2602 ii
874 2543 968 2618 1876;
1003 2545 1138 2605 Aoooli
1173 2539 1209 2602 di
1248 2541 1467 2621 Giori'sprod.

123 2629 175 2690 Ex
200 2627 233 2686 0.
258 2626 309 2695 G,
333 2624 404 2696 8953
428 2623 482 2696 lt,
506 2623 578 2683 759.
826 2621 990 2693 Italiam,
1012 2624 1213 2698 an.1873‚1·,
1238 2623 1296 2695 93;
1322 2624 1411 2696 1876,
1441 2625 1468 2698 Ι,

188 2705 234 2784 (2)
255 2705 303 2762 Ex
324 2705 392 2763 iure
414 2703 578 2776 communi,
597 2705 772 2764 necessaria
826 2720 896 2780 pag.
920 2703 1004 2782 304):
1028 2723 1105 2780 quae
1126 2705 1261 2764 moribus
1276 2705 1342 2764 iere
1358 2705 1469 2780 ubique

123 2793 292 2868 praeterea
313 2789 383 2844 erat
402 2781 529 2841 'heredis
551 2783 722 2855 institutio,
739 2789 772 2844 et
826 2783 1032 2858 introductae,
1040 2787 1163 2845 labente
1171 2785 1324 2861 superiori
1332 2786 1467 2857 soeculo,
1499 2855 1503 2865 ι

124 2865 305 2936 institutio,
334 2864 385 2924 vel
416 2863 618 2922 exheredetio
649 2863 772 2924 heredis
826 2863 892 2922 fere
914 2863 1024 2940 ubique
1039 2865 1153 2924 merito
1169 2866 1314 2940 explosae
1331 2859 1467 2925 fuerent.

123 2945 307 3015 neeessarii3
331 2961 418 3002 seeus
439 2961 478 3002 ex
500 2943 649 3003 NN.LL.
826 2945 983 3016 Ceterum,
1008 2945 1069 3004 nisi
1091 2945 1272 3004 fiduciarius
1287 2947 1356 3020 ipse
1370 2951 1468 3005 testa·
1493 2953 1494 2958 ’

188 3021 234 3106 (3)
255 3024 292 3084 1..
316 3023 366 3096 32,
390 3024 438 3082 De
459 3023 568 3082 dered.
594 3025 713 3092 instit.;
734 3023 768 3082 0.
824 3026 905 3084 toris
918 3025 1110 3084 voluntatem
1127 3023 1469 3102 explicetnullipror·

125 3109 184 3178 It..
208 3105 279 3176 8343
303 3106 376 3175 Au.,
401 3103 470 3164 564.
489 3134 505 3146 -
522 3103 635 3162 Meroe
649 3104 682 3184 (ἓ
697 3104 769 3174 307,
826 3121 888 3174 sus,
912 3123 967 3162 neo
988 3105 1016 3162 ei
1039 3106 1092 3178 qui
1121 3123 1153 3164 se
1184 3121 1291 3164 verum
1312 3105 1466 3165 'heredem

124 3209 156 3248 ῃ,
176 3185 218 3266 1);
242 3204 273 3243 v.
298 3203 338 3244 e:
361 3183 463 3246 Quem
492 3183 598 3242 Titios
620 3185 770 3254 voluerit,
826 3188 915 3262 putet
935 3183 1037 3262 (secus
1058 3201 1095 3242 eo
1110 3184 1198 3254 olim,
1215 3203 1292 3260 quae
1305 3202 1393 3261 seges
1405 3204 1468 3244 am·
1508 3226 1513 3234 ·
1628 3219 1630 3226 v

123 3269 220 3327 heres
244 3273 321 3334 esto,
348 3267 407 3335 vel,
436 3266 466 3322 ei
482 3263 589 3322 Titios
618 3265 770 3334 voluerit,
825 3263 968 3340 plissimo
989 3263 1093 3323 litium
1116 3261 1201 3342 fuit),
1219 3281 1395 3334 conoessum
1417 3271 1466 3325 est

125 3347 447 3422 Semproniusderes
459 3351 522 3403 esto
537 3343 767 3423 (L.68,1s0e.):
825 3361 892 3402 eam
914 3345 1034 3404 dooere:
1058 3347 1201 3418 quamvis
1222 3349 1358 3404 testator
1370 3347 1469 3404 testo·

123 3447 225 3498 secus,
249 3427 277 3486 si
291 3426 419 3484 dixerit:
437 3427 468 3484 εἰ
481 3425 614 3482 Marios
630 3427 769 3485 Romam
824 3428 930 3482 mento
951 3424 982 3481 in
1006 3425 1071 3500 ipso
1094 3423 1336 3500 significaverit,
1359 3425 1467 3483 volun-

125 3510 214 3576 ierit,
228 3507 379 3566 Audisses
395 3506 487 3564 heres
503 3512 567 3563 esto
581 3504 631 3586 (L.
649 3507 699 3578 56,
723 3507 769 3564 De
824 3506 922 3561 tatem
955 3521 1040 3562 suam
1073 3504 1179 3563 heredi
1216 3521 1268 3564 suo
1300 3504 1469 3563 credidisse

126 3588 229 3650 Corrd.
248 3595 279 3645 et
292 3583 448 3664 denmm).
472 3585 561 3653 Quid,
576 3587 604 3644 si
624 3585 769 3646 heredem
823 3582 893 3661 (eit.
907 3585 946 3643 A.
960 3582 1095 3659 mesot
1111 3601 1185 3642 vero
1197 3583 1360 3643 fiduciario
1370 3601 1469 3657 greve

123 3674 192 3747 ipse
222 3667 345 3742 quidem
376 3665 598 3737 nominaverit,
627 3667 678 3724 sed
710 3683 770 3742 que
825 3667 873 3722 est
894 3665 985 3722 fidem
1008 3663 1133 3722 fellere.

122 3753 215 3830 porte
245 3747 271 3806 ie
303 3747 394 3806 heres
421 3763 489 3805 esse
516 3746 637 3816 debeat,
665 3745 770 3806 alieno
884 3743 929 3820 (4)
951 3741 1096 3818 mem,
1121 3743 1168 3802 De
1186 3743 1317 3819 Lepet.;
1346 3744 1381 3804 G.
1411 3741 1466 3814 It..

122 3827 259 3891 arbitrio
281 3826 477 3902 permiserit?
499 3825 540 3884 Et
561 3826 687 3901 perinde
703 3843 770 3884 esse
824 3823 894 3893 830,
918 3823 989 3894 834,
1013 3823 1075 3898 gl.
1099 3822 1208 3897 Itaque
1230 3825 1255 3884 si
1278 3821 1469 3882 dixerit2eoe

122 3909 264 3984 ridetur,
288 3923 324 3964 oe
345 3905 372 3964 si
394 3906 529 3965 arbitrio
544 3906 610 3964 eius
625 3906 769 3982 heredem
824 3905 972 3974 cooperis
989 3905 1079 3971 meir,
1093 3905 1392 3979 siqoiouoeruot,
1409 3904 1469 3979 poi

123 3987 291 4064 scripserit
312 3985 403 4064 (Arg.
428 4005 467 4046 ex
489 3989 526 4046 A.
545 3985 615 4058 835;
638 3987 768 4057 Mezze„
824 3983 934 4061 filiam
949 4001 1057 4042 meam
1073 3983 1222 4051 demerit,
1245 3985 1306 4042 vel:
1330 3985 1467 4060 qotpri-

122 4072 180 4141 IV,
200 4065 281 4145 137).
300 4067 360 4126 Sed
375 4065 444 4126 iure
458 4071 565 4126 nostro
585 4067 769 4144 permissum
825 4082 899 4122 mos
915 4063 959 4122 od
973 4065 1081 4138 ferreos
1099 4080 1207 4122 merem
1220 4066 1349 4123 verterit
1361 4061 1430 4140 (eit.
1449 4064 1468 4139 ἓ

120 4157 171 4212 est
186 4147 294 4207 heredi
310 4145 473 4206 fiduciario
483 4146 551 4205 veri
562 4146 697 4216 heredis,
716 4152 770 4205 eut
824 4143 874 4216 25,
899 4143 974 4218 ibiq.
1000 4140 1119 4222 Vino.);
1144 4144 1208 4202 velt
1232 4161 1274 4203 eoo
1289 4145 1371 4222 filiis
1386 4147 1469 4214 ertr's,

122 4227 276 4310 legatarii
291 4245 402 4286 nomen
417 4227 554 4296 eredere,
574 4228 661 4284 modo
683 4225 710 4285 is
725 4227 770 4284 in·
825 4241 921 4302 qoem
939 4225 1034 4282 Seius
1058 4224 1195 4296 eteperit
1213 4223 1273 4302 (Ex
1289 4225 1325 4283 L.
1351 4223 1382 4295 8,
1402 4223 1467 4300 51,

123 4323 225 4388 capax
247 4325 306 4366 non
327 4308 371 4366 sit
391 4305 439 4386 (0.
463 4305 517 4379 lt,
541 4305 579 4364 A.
598 4304 682 4383 829);
698 4323 768 4381 quo,
825 4303 872 4364 De
886 4305 962 4364 Eeb.
988 4300 1092 4380 dod.);
1117 4304 1183 4363 vel:
1215 4323 1311 4380 qoem
1338 4321 1380 4362 ere
1406 4304 1469 4363 tati

122 4409 162 4450 ex
185 4389 220 4451 0.
245 4388 350 4447 Sardo
371 4387 421 4466 (A.
444 4383 533 4462 809),
556 4385 702 4461 fiduciae
723 4404 771 4444 re·
824 4385 961 4460 [omitia
978 4385 1112 4458 etepere't
1125 4385 1217 4444 Ceios
1238 4383 1285 4464 (0.
1303 4385 1357 4456 Is,
1381 4383 1465 4462 834),

122 4469 258 4531 stitutee
280 4471 352 4526 sunt
377 4466 542 4545 (Suprema
567 4466 662 4527 (iuria
689 4465 769 4524 Neo·
827 4464 922 4522 velet.
948 4465 1043 4525 Seous
1063 4481 1103 4522 ex
1121 4465 1196 4522 iure
1222 4465 1305 4525 Geli.
1335 4465 1465 4544 (Toum,

122 4549 228 4627 polit,
251 4545 372 4608 281an.
392 4545 654 4619 18733F10re11t.,
673 4545 688 4603 1
704 4545 769 4604 Ma·
825 4543 865 4616 V,
888 4541 959 4618 350,
983 4545 1089 4617 Zeoh.,
1111 4544 1184 4617 655,
1207 4563 1237 4604 n.
1254 4542 1299 4625 2).
1316 4545 1357 4605 st
1372 4546 1399 4604 si
1414 4546 1469 4604 Se·
