3430 5122
457 183 561 236 aanor
584 192 607 238 r.
634 191 673 236 nr:
697 191 933 238 conrnacrmus
957 191 988 238 m
1012 193 1133 240 annana
1406 172 1467 242 tlt

115 289 280 360 alterum
304 291 347 361 ad
370 291 589 362 voluntatem
614 291 777 382 pertinet,
796 291 1022 384 quamobrem
1037 291 1065 363 si
1089 295 1201 366 solum
1219 296 1394 384 placitum
1411 295 1468 381 sit,

29 413 30 416 ’
116 401 204 485 puta
230 397 263 466 si
290 397 357 468 dno
380 397 437 467 vel
460 398 575 488 plures
601 397 638 467 in
668 397 783 490 aliqua
816 419 854 468 re
883 394 1102 472 deliberanda
1142 400 1385 472 consenserint
1419 403 1473 487 (ut
1547 477 1550 488 ,

29 511 30 514 ’
117 523 204 572 ecce
230 503 272 574 in
297 503 467 594 suffragiis
490 503 669 593 terendis),
695 525 766 574 non
790 503 979 576 conventio
1002 503 1218 596 intelligitur,
1241 507 1301 576 sed
1325 527 1471 578 consen-

116 607 182 679 sio.
208 610 495 698 contrahendae,
512 616 595 704 ete,
612 610 840 702 quamobrem
863 611 892 682 si
915 611 992 703 quis
1014 612 1143 704 aliquid
1158 612 1357 702 promiserit
1380 613 1469 698 ioca,

117 716 177 784 vel
202 715 420 794 urbanitatis
443 735 561 803 causa,
586 715 760 806 obligatio,
786 715 877 808 quod
900 723 954 786 est
976 718 1158 788 vinculum
1184 717 1283 804 iuria,
1310 739 1354 788 ne
1370 717 1470 788 intel·

116 819 179 910 ligi
205 821 352 912 quidem
376 821 504 912 poterit
521 823 581 911 (3).

181 928 269 1001 408.
287 933 536 1000 contractuum
561 930 743 1020 multiplex
766 949 875 1020 genus
899 937 968 1000 est:
998 933 1060 1018 l⁰.,
1086 953 1131 1001 ex
1155 931 1257 1000 modo
1281 950 1348 1023 quo
1371 929 1470 1020 perfi-

117 1035 285 1124 ciuntur;
311 1039 376 1123 2⁰,
402 1059 447 1106 ex
470 1059 506 1107 re
530 1056 635 1128 quam
659 1036 855 1126 continent,
882 1037 947 1124 3⁰,
973 1058 1019 1108 ex
1042 1037 1252 1128 obligatione
1280 1058 1386 1130 quam
1411 1057 1469 1128 pa·

118 1143 233 1214 riunt.
255 1149 310 1212 lla
336 1143 383 1212 1⁰.
409 1144 535 1234 capite,
561 1149 644 1213 sunt
666 1144 724 1214 vel
747 1146 1001 1230 eoaseaeaataa,
1027 1145 1084 1214 vel
1108 1147 1234 1214 reales:
1262 1165 1470 1215 consensua-

118 1253 183 1336 les,
209 1250 275 1342 qui
301 1252 373 1322 solo
396 1272 568 1324 consensu
590 1249 734 1342 perlecti
759 1253 853 1337 sunt,
879 1256 920 1321 ut
943 1253 1162 1340 mandatum,
1188 1251 1314 1324 locatio
1335 1257 1370 1322 et
1388 1273 1470 1322 con·

122 1357 263 1445 ductio,
290 1358 421 1450 emptio
455 1365 491 1430 et
515 1358 692 1430 venditio:
719 1359 841 1445 reales,
867 1361 927 1452 qui
954 1381 998 1430 ex
1022 1361 1072 1430 rei
1095 1361 1329 1452 praestatione
1362 1361 1473 1451 perte-

118 1462 282 1536 ctionem
306 1472 342 1536 et
365 1479 494 1536 nomen
518 1465 672 1556 capiunt,
698 1471 739 1534 ut
763 1471 944 1552 mutuum,
970 1466 1243 1552 commodatum,
1261 1466 1469 1558 depositum.

122 1575 176 1640 Ex
191 1573 265 1657 2⁰„
290 1577 373 1642 sunt
396 1573 452 1643 vel
474 1574 628 1660 gratuiti
648 1573 706 1642 vel
729 1576 883 1642 caerosi:
912 1571 1066 1662 gratuiti,
1092 1572 1120 1642 si
1136 1571 1264 1664 aliquid
1282 1573 1385 1643 datur
1403 1573 1472 1661 (vel

123 1676 358 1766 promittitur)
382 1697 428 1747 ex
451 1697 522 1748 nno
545 1677 652 1748 latere
674 1683 828 1765 tanturn,
853 1679 951 1748 velut
973 1677 1126 1762 donatio,
1152 1677 1360 1769 depositum,
1378 1696 1473 1748 com·

125 1783 325 1874 modatum;
351 1785 379 1855 si
403 1807 448 1856 ex
471 1791 631 1877 utroque,
657 1784 805 1856 onerosi.
831 1786 976 1857 Onerosi
1000 1789 1118 1855 autem
1143 1785 1200 1855 vel
1217 1787 1470 1871 commutarat,

125 1892 183 1960 vel
207 1893 395 1963 electerii.-
423 1891 681 1980 commutativi,
706 1890 735 1964 si
759 1913 880 1962 earnm
910 1913 1040 1978 rerum,
1076 1912 1165 1984 quae
1200 1891 1292 1961 ultro
1316 1890 1472 1982 citroque

124 2002 395 2087 promittuntur,
421 2004 516 2072 certa
539 2000 735 2070 aestimatio
758 2005 823 2086 est,
849 2007 889 2070 ut
911 2000 1042 2090 emptio
1071 2005 1107 2070 et
1130 1998 1313 2091 ¹venditio,
1346 1997 1472 2067 locatio

29 2115 30 2118 ’
124 2108 161 2173 et
184 2105 388 2195 conductio;
412 2106 581 2192 aleatorii,
599 2106 628 2175 si
643 2105 825 2192 damnum,
842 2111 904 2176 aut
919 2107 1055 2176 lucrum
1070 2105 1162 2198 quod
1178 2125 1223 2175 ex
1235 2103 1472 2174 conventione

29 2199 31 2214 '
126 2209 302 2297 consistit,
327 2217 410 2281 sunt
432 2213 566 2283 ineerta
585 2214 645 2304 (l),
671 2233 736 2284 ceu
759 2215 974 2304 sponsiones,
992 2211 1141 2283 vitalitia
1159 2217 1226 2282 etc.
1246 2217 1406 2296 Demum,
1426 2229 1471 2278 ex

125 2315 193 2402 30,
218 2317 281 2408 qui
305 2317 349 2387 ab
371 2317 472 2389 initio
493 2318 739 2410 obligatIonem
763 2319 905 2409 pariunt
927 2340 972 2388 ex
995 2339 1067 2389 uno
1090 2318 1199 2388 latere
1218 2323 1372 2403 tanturn,
1390 2319 1471 2385 uai-

126 2423 310 2516 tcteratea,·
334 2427 461 2517 quiex
485 2434 644 2519 utroque,
669 2428 869 2498 ottaterates
891 2427 959 2498 dici
982 2427 1106 2497 solent:
1136 2425 1358 2498 unilaterales
1382 2443 1471 2515 pena

126 2551 252 2604 omnes
276 2531 417 2622 gratuiti
440 2541 540 2620 sunt,
567 2532 761 2604 bilaterales
789 2534 926 2605 onerosi
956 2555 1062 2625 prope
1088 2555 1223 2604 omnes,
1264 2532 1343 2602 Fuit
1374 2530 1470 2618 olim,

126 2633 163 2703 in
185 2633 279 2721 iure,
296 2641 333 2704 et
346 2643 400 2706 est
415 2637 610 2706 etiamnum
632 2655 739 2726 penes
763 2641 906 2708 Nostms
921 2636 1038 2706 atalia
1053 2637 1207 2726 vulgaris
1223 2639 1472 2705 contractuum

98 2759 100 2763 ’
126 2734 320 2823 distinctio,
344 2737 381 2807 in
405 2742 605 2808 nominatos
627 2741 664 2808 et
686 2741 939 2808 denominatos.
967 2737 1144 2808 Nominati
1172 2737 1390 2828 appellantur
1412 2734 1474 2828 qui

128 2843 307 2934 proprium
334 2841 371 2912 in
401 2843 475 2912 iure
506 2863 636 2912 nomen
666 2843 807 2912 habent:
839 2847 879 2912 ut
910 2842 1041 2932 emptio
1076 2846 1113 2911 et
1148 2837 1318 2926 venditio,
1344 2839 1471 2912 locatio

29 2997 30 3000 ,
127 2949 164 3012 et
181 2945 382 3032 conductio,
407 2944 565 3031 societaS,
592 2945 808 3016 mandatum.
843 2945 909 3030 Qui
932 2965 974 3015 eo
1003 2947 1138 3030 carent,
1164 2941 1379 3013 innominati
1403 2942 1471 3012 dici

127 3047 254 3135 solent;
279 3047 336 3120 isti
359 3067 481 3118 ornnes
503 3051 652 3140 quatuor
674 3067 763 3137 pene
778 3047 832 3116 bis
854 3047 1097 3116 continentur:
1116 3047 1160 3114 do
1175 3055 1215 3114 ut
1230 3045 1356 3134 facias,
1376 3043 1472 3133 facto

29 3153 31 3206 ὲ
129 3163 166 3221 ut
188 3155 262 3242 des,
287 3153 381 3243 facio
404 3163 444 3222 at
465 3151 593 3242 facias,
618 3155 662 3223 do
684 3163 724 3223 at
746 3154 805 3223 des
833 3155 892 3243 (5)²
918 3173 1067 3246 quorum
1092 3153 1157 3223 boe
1181 3153 1264 3224 olim
1293 3151 1470 3243 proprium

29 3303 30 3306 ,
129 3263 217 3342 erat,
242 3255 335 3348 quod
357 3277 439 3326 eum
461 3255 521 3348 qui
543 3257 687 3341 iecerat,
712 3261 773 3326 aut
787 3254 940 3342 dederat,
957 3255 1135 3346 poenitere
1152 3254 1280 3326 licebat
1296 3261 1332 3326 et
1348 3255 1471 3326 datum

131 3369 299 3450 repetere,
323 3360 473 3429 alterurn
497 3379 569 3428 non
591 3357 689 3428 item:
715 3357 776 3428 sed
799 3355 884 3428 haee
900 3357 1030 3428 iamdiu
1046 3359 1306 3444 exsulaverunt,
1323 3367 1359 3429 et
1376 3377 1471 3430 nunc

127 3465 328 3534 contractus
351 3459 523 3532 nominati
546 3465 583 3530 et
605 3459 815 3531 innominati
840 3459 962 3531 eadem
986 3461 1088 3551 plane
1112 3460 1166 3530 vis
1190 3466 1243 3530 est
1260 3462 1320 3549 (6).

189 3669 236 3750 (3)
257 3672 387 3744 Sanan,
410 3671 470 3740 M„
491 3669 517 3740 Ι,
540 3668 571 3741 6,
597 3668 647 3741 Ι3;
670 3669 768 3745 Lugo,
826 3667 977 3738 venditio,
1000 3668 1027 3726 ei
1049 3669 1184 3744 pretium
1201 3669 1247 3729 ita
1263 3667 1470 3728 constitutum

134 3747 251 3823 XXIII,
274 3754 324 3814 83.
338 3752 493 3812 *Getarum
512 3749 635 3808 animus
650 3753 772 3809 contra·
825 3747 880 3819 sit,
904 3750 1024 3824 quanti
1045 3749 1142 3824 pretii
1174 3750 1211 3806 ia
1241 3765 1322 3808 arca
1357 3747 1471 3807 bader:

131 3828 247 3894 hendae
257 3830 459 3910 obligationis
468 3829 690 3905 praesumitur,
709 3828 771 3888 nisi
826 3827 889 3886 itta
910 3827 993 3886 enirn
1007 3826 1124 3886 transit
1143 3827 1176 3887 in
1191 3831 1387 3889 contractum
1401 3845 1472 3904 gra-

132 3907 215 3972 aliud
236 3912 399 3973 evidenter
420 3913 569 3987 appareat
595 3908 658 3990 (Ex
678 3907 716 3969 L.
741 3909 769 3978 1,
816 3908 952 3978 toltum,
976 3907 1034 3965 isti
1063 3905 1096 3964 iu
1124 3924 1297 3978 onerosum,
1331 3907 1416 3966 baec
1438 3907 1470 3966 in

133 3986 177 4048 De
197 3993 321 4062 Porcia
342 3989 521 4068 Reginam„
544 3987 596 4063 25,
613 3987 677 4066 94).
826 3985 1013 4047 aleatorium
1023 3986 1140 4046 transit
1154 3987 1207 4066 (V.
1221 3989 1241 4064 ἓ
1255 3987 1285 4058 3,
1303 3988 1473 4057 Mandata,-

189 4071 235 4152 (4)
256 4075 290 4134 G.
314 4073 365 4144 G„
389 4071 480 4141 lata
504 4067 557 4140 It,
576 4067 665 4130 1102.
683 4069 771 4130 cata
826 4067 889 4142 52,
914 4064 1007 4128 Quia.
1025 4065 1111 4126 mod.
1128 4085 1164 4126 ra
1177 4075 1282 4127 corta.
1301 4065 1427 4145 oblim).

134 4163 199 4210 rum
220 4152 312 4212 multi
332 4170 372 4211 ex
393 4151 443 4209 bis
466 4149 627 4210 voluntate
648 4153 772 4209 contra·
885 4143 931 4226 (5)
951 4144 989 4205 L.
1013 4144 1044 4216 5,
1061 4146 1109 4204 De
1123 4147 1275 4209 Praeser.
1294 4149 1379 4208 verb.
1396 4145 1471 4220 Vel,

134 4225 272 4292 bantium
286 4233 318 4291 in
332 4233 429 4291 aliam
445 4231 622 4289 contractus
637 4227 771 4290 formam
826 4227 866 4286 do
887 4245 930 4287 ae
950 4228 1072 4302 saeida·
1092 4229 1180 4302 facio
1202 4246 1245 4289 ae
1260 4229 1327 4298 des,
1342 4231 1402 4288 ato.
1414 4226 1468 4308 (V.

29 4355 30 4364 a
136 4309 242 4372 eadere
262 4315 399 4389 possunt:
416 4329 448 4370 v.
466 4327 508 4382 c.,
525 4309 641 4371 locatio
662 4325 769 4386 opera·
825 4305 987 4380 Heineeo,
1001 4307 1116 4384 Autiq.
1130 4309 1238 4379 Rom„
1252 4308 1310 4380 Ill,
1324 4306 1410 4379 XIV,
1424 4305 1468 4386 4).

134 4401 211 4464 rum,
227 4392 254 4452 si
267 4391 369 4468 gratis
389 4392 769 4468 praestatum-mutuum,
885 4383 933 4466 (6)
952 4388 1043 4459 Voet,
1067 4387 1117 4462 12,
1140 4389 1171 4462 «l,
1194 4388 1226 4462 63
1250 4389 1284 4454 G.
1309 4387 1469 4462 a.‚1107;

29 4467 30 4534 ξ
137 4474 366 4543 tommodatum,
389 4471 572 4548 depositum,
596 4469 623 4530 si
637 4469 695 4530 fiat
715 4470 770 4529 sub
824 4467 885 4540 It.,
910 4465 998 4528 1103.
1023 4469 1122 4530 Hodie
1137 4468 1237 4546 igitur
1252 4471 1284 4530 in
1300 4467 1471 4532 contracti·

29 4551 31 4638 J
135 4549 724 4630 muris,velpaetamereeaa-emptio
738 4553 771 4610 et
824 4548 881 4608 bus
910 4547 1112 4612 innominata
1141 4549 1353 4627 poenitentiae
1384 4549 1470 4610 locus
