3334 5128
290 217 352 286 126
400 239 490 284 urana
504 239 548 284 ur.
564 254 586 268 -
598 239 714 285 rnacr.
730 239 763 284 u.
780 240 843 284 rrr.
859 239 881 285 1.
897 239 936 284 os
949 239 1021 286 aas.
1038 240 1075 284 er
1092 239 1132 284 na
1149 239 1276 294 acnura.
1296 239 1369 285 aaa.
1386 239 1516 284 noursro

288 339 373 411 iuris
396 345 489 424 sunt,
509 347 649 408 tontum
663 344 937 429 praescriptum,
955 349 1131 430 quo-utum
1145 359 1338 428 possessum
1358 341 1439 429 (26).
1460 345 1506 409 ΕΙ
1522 360 1628 431 quan·
1649 301 1654 426 (

283 447 331 516 do
345 447 451 517 semel
464 446 604 538 impleta
616 446 793 537 usucapio,
807 467 868 517 seu
881 445 1103 538 praescriptio
1117 446 1362 516 retrotrahitur
1373 449 1405 534 (ἓ
1422 447 1500 531 144,
1510 467 1548 514 n.
1561 443 1626 532 28),
1652 427 1654 514 l

284 552 317 622 si
342 552 382 640 is,
408 553 466 644 qui
490 549 604 642 c'oepit
627 573 701 624 rem
726 573 926 644 usucapere,
941 574 1031 623 ¹eam
1048 552 1105 622 alii
1122 553 1341 636 alienaverit,
1360 557 1396 622 et
1411 551 1452 636 is,
1472 551 1513 620 in
1528 569 1628 642 quern
1652 537 1654 594 ἶ

286 659 439 746 transiit,
465 659 664 750 impleverit
687 659 948 750 usucapionem,
973 658 1117 749 perinde
1141 663 1205 742 est,
1232 679 1272 727 ac
1296 656 1325 726 si
1341 657 1398 726 ille
1415 655 1627 746 impleverit,
1652 673 1654 704 ³

191 767 195 773 ’
284 767 346 860 ¹qui
370 766 484 857 coepit
506 787 696 856 usucapere
714 767 796 854 (aaa
823 769 1049 857 quamobrem
1073 765 1113 850 si,
1140 786 1175 834 v.
1195 785 1241 850 c.,
1268 785 1346 834 eam
1362 762 1400 832 in
1416 763 1561 847 dotem,
1579 759 1630 829 vel
1652 759 1654 798 f

286 874 325 942 in
349 875 502 943 solutum
526 873 679 958 dederat,
705 895 742 942 re
767 879 946 962 usucapta,
972 873 1139 942 liberatur
1157 873 1239 960 (27).

352 983 424 1050 160.
446 986 515 1068 Age
539 980 653 1049 modo:
681 978 824 1048 triennii
839 980 1050 1070 usucapione
1066 979 1296 1070 acquiruntur
1311 997 1366 1048 res
1382 975 1532 1046 mobiles
1551 972 1628 1060 (28),
1652 1057 1654 1060 ¹

285 1088 461 1174 decennii,
479 1109 499 1157 a
516 1086 784 1178 transcriptione
800 1087 891 1156 tituli
908 1087 1145 1176 computandi,
1165 1105 1219 1156 res
1235 1084 1429 1154 immobiles
1445 1082 1627 1164 laicorum,
1652 1071 1654 1158 ζ

284 1199 325 1264 et
347 1215 454 1284 penes
478 1215 541 1264 nos
564 1191 639 1264 iura
663 1215 799 1286 quoque
824 1194 951 1280 realia,
977 1199 1013 1263 et
1036 1193 1133 1263 omni
1161 1192 1254 1263 inter
1276 1196 1477 1282 praesentes
1513 1194 1551 1258 ct
1578 1185 1654 1280 ah,

289 1310 406 1371 sentes
428 1301 651 1372 distinctione
667 1301 800 1371 sublata
820 1303 902 1389 (20),
920 1293 1084 1370 tricennii
1101 1321 1186 1370 vero
1208 1319 1297 1390 quae
1319 1296 1447 1368 minori
1462 1291 1627 1384 temporis
1652 1293 1654 1372 i

285 1409 399 1498 spatio
422 1407 564 1498 usucapi
588 1429 659 1476 non
684 1411 873 1496 potuerunt
895 1413 1036 1497 propter
1057 1407 1234 1476 delectum
1258 1405 1313 1475 vel
1338 1404 1443 1488 tituli,
1471 1401 1534 1472 vel
1550 1401 1582 1468 b.
1604 1399 1623 1466 l.
1650 1389 1654 1548 ἰ

288 1514 402 1584 civilis
420 1516 502 1607 (50),
530 1516 585 1584 vel
608 1535 653 1584 ex
677 1511 899 1603 dispositione
923 1513 1019 1600 iuris,
1046 1533 1109 1583 ceu
1134 1513 1333 1584 servitutes
1361 1518 1405 1582 ht
1428 1517 1518 1580 ve'ro
1543 1511 1625 1578 bom
1652 1563 1654 1596 2

286 1621 513 1692 ecclesiarum
538 1619 725 1690 immobilia
751 1619 877 1690 minori
892 1640 996 1710 quarn
1013 1621 1057 1689 40
1069 1641 1151 1690 ann.
1172 1619 1295 1710 spatio,
1321 1617 1395 1688 sive
1412 1637 1498 1687 cum
1517 1615 1622 1696 titulo,
1651 1599 1654 1710 ξ

283 1729 363 1801 sive
386 1729 514 1820 absque
538 1727 652 1812 titulo,
678 1749 722 1796 ex
739 1727 813 1796 iure
830 1725 1011 1813 canonico,
1030 1727 1172 1816 usucapi
1189 1748 1260 1796 non
1276 1731 1421 1816 possunt
1438 1726 1526 1814 (51).
1546 1719 1626 1804 Quid
1651 1713 1654 1800 ἓ

183 1869 184 1872 “
286 1835 405 1926 igitur,
430 1833 459 1904 si
482 1833 571 1926 quis,
598 1855 632 1902 v.
660 1855 707 1918 c.,
733 1833 902 1903 emerita
926 1853 998 1902 non
1026 1831 1168 1902 domino
1199 1831 1379 1928 praedium
1415 1829 1507 1914 Seii,
1540 1825 1622 1919 quod
1650 1805 1654 1940 (

287 1947 420 2033 postea,
445 1947 528 2012 ante
552 1940 730 2030 impletam
754 1939 1001 2028 usucapionem
1029 1940 1075 2024 (v.
1103 1960 1148 2022 c.,
1167 1959 1212 2008 ex
1228 1939 1367 2028 legato),
1385 1938 1428 2006 ad
1444 1933 1623 2006 ecclesiam
1652 1943 1654 1968 ³

288 2047 449 2118 transiit?
472 2049 541 2132 vel,
568 2053 703 2130 contra,
729 2044 908 2135 praedium
932 2045 1109 2130 ecclesiae,
1135 2045 1226 2135 quod
1251 2051 1369 2134 postea
1387 2045 1439 2132 w(e.
1467 2065 1520 2132 3.,
1546 2060 1621 2111 ven·
1652 2123 1654 2146 1

346 2343 412 2422 (25)
433 2345 481 2403 Ex
502 2343 538 2401 L.
565 2343 613 2412 14,
638 2341 676 2400 δι’
695 2359 778 2401 serv.
797 2342 922 2400 vr'ndz'c.
981 2341 1024 2400 sit
1045 2340 1175 2421 (6120),
1199 2344 1256 2404 hoc
1289 2345 1386 2414 valet,
1419 2345 1521 2419 quoad
1552 2344 1619 2399 bona

346 2425 411 2502 (26)
432 2425 480 2483 Ex
502 2423 539 2482 L.
563 2423 613 2494 33,
638 2422 684 2480 De
705 2422 816 2481 donat.
842 2439 923 2480 mor.
981 2421 1200 2495 ecclesiarum,
1224 2429 1256 2484 ut
1277 2423 1354 2484 olim
1374 2424 1501 2503 (nutu,
1536 2421 1614 2484 Quas
1652 2453 1654 2516 l

282 2524 378 2573 cau.,·
399 2505 435 2562 L.
459 2504 508 2574 54,
533 2501 580 2562 De
600 2501 764 2562 Eviction.
981 2504 1138 2572 actionem
1159 2503 1308 2574 Extrav„
1331 2505 1547 2570 Ambitiosae,
1575 2499 1614 2558 oe

345 2583 410 2664 (27)
431 2583 468 2642 L.
492 2583 543 2653 60,
568 2581 614 2642 De
636 2583 732 2642 solut.
757 2583 798 2642 Et
820 2581 846 2640 si
863 2597 927 2640 ma·
980 2581 1057 2641 aea.
1082 2581 1207 2642 Eccles.
1232 2601 1301 2642 oon
1316 2584 1435 2655 aliens
1450 2583 1561 2654 Reid..
1576 2579 1610 2647 ll·
1652 2555 1654 2654 (

286 2665 468 2726 trimonium
484 2665 610 2723 irritum
626 2661 772 2734 fuit„vel
787 2663 852 2738 ipse
882 2661 926 2718 in·
980 2660 1615 2742 as,1713Less.,11‚6,satagatur,
1652 2667 1654 2738 l

281 2745 425 2804 debitum
454 2743 570 2812 solvit,
601 2742 727 2801 fundum
755 2759 836 2818 ipse,
869 2758 926 2798 non
980 2737 1031 2813 aa
1056 2743 1088 2802 S.
1113 2743 1221 2819 Alph,
1247 2743 1303 2814 ΙΙΙ,
1327 2741 1411 2822 510).
1652 2739 1654 2814 ξ

286 2823 439 2896 dominus,
461 2823 577 2899 repetit
599 2822 648 2900 (L.
674 2822 722 2894 15,
739 2824 757 2897 ξ)
774 2823 837 2880 Sed
856 2823 926 2888 etsi,
1039 2817 1106 2899 (29)
1126 2823 1160 2882 (1.
1186 2823 1240 2892 It.,
1257 2824 1346 2900 2137.
1364 2825 1482 2886 Contra
1498 2825 1537 2882 L.
1556 2840 1611 2888 un,
1653 2829 1654 2840 ¹

286 2905 334 2964 De
355 2903 494 2964 condiet.
520 2902 661 2981 iudet.);
690 2903 717 2961 si
746 2903 800 2961 sub
826 2900 928 2960 condi·
981 2902 1015 2960 G.
1039 2903 1085 2961 De
1116 2902 1256 2979 Usucap.
1283 2908 1425 2980 horas&
1455 2909 1487 2964 et
1510 2907 1545 2965 G.
1572 2903 1614 2968 0.,

280 2985 370 3044 tione
391 3001 459 3042 eum
481 2983 620 3054 donavit,
645 2983 794 3052 vendidit,
825 2980 927 3040 condi·
980 2980 1070 3042 2265.
1089 2981 1175 3040 Iura
1189 2985 1312 3043 realia:
1329 3002 1437 3061 nempe
1451 2983 1527 3063 (non
1543 2982 1613 3042 enim

282 3063 371 3123 'tione
393 3062 533 3138 impleta,
557 3063 594 3120 ad
617 3063 727 3138 ipsum,
751 3080 808 3120 non
824 3062 861 3118 ad
876 3061 927 3118 do·
980 3068 1051 3122 sunt
1078 3062 1317 3139 praescriptioni
1345 3063 1497 3123 obnoxiae
1531 3065 1613 3136 hypo

287 3143 417 3216 minum,
441 3143 523 3200 redit
537 3142 598 3222 (Ex
619 3143 655 3199 L.
670 3141 719 3214 33,
736 3142 783 3201 De
804 3141 924 3201 Donat.
980 3142 1100 3213 thecae,
1118 3143 1191 3218 quia
1205 3143 1481 3219 transcriptionem
1498 3161 1558 3203 non
1575 3157 1613 3198 re·

232 3227 233 3232 ’
287 3241 368 3282 mor.
392 3241 484 3290 cau.,·
504 3221 541 3280 L.
566 3223 615 3294 47,
639 3224 658 3297 ἓ
682 3223 714 3294 l,
742 3219 923 3298 Mandata).
980 3221 1110 3298 cipiunt,
1142 3241 1198 3281 nec
1227 3224 1397 3283 servitutes
1425 3225 1613 3299 praediorum

346 3301 391 3363 Et
410 3303 618 3379 quandoetc.
636 3301 925 3378 ltaquesiillenou
980 3302 1211 3374 discontinua03
1235 3306 1303 3363 AA.
1326 3303 1398 3374 620,
1420 3301 1494 3380 630)
1525 3301 1612 3364 servi·
1652 3331 1654 3334 ·

281 3391 429 3459 coeperat
451 3399 629 3458 usucapere,
653 3389 726 3459 puta
747 3381 819 3456 quia
841 3398 882 3439 m.
900 3380 923 3440 t'.
948 3415 953 3424 ·
980 3386 1063 3441 tutes
1085 3383 1248 3442 continuae
1270 3388 1362 3458 atque
1377 3389 1573 3460 apparentes
1587 3386 1613 3438 et

285 3480 353 3521 rem
374 3467 622 3538 comparaverat,
646 3462 728 3520 nihil
742 3461 771 3520 ei
787 3459 927 3537 proderit
980 3462 1158 3538 personales
1180 3467 1315 3522 tanturn.
1651 3451 1654 3524 f

287 3541 418 3617 impleta
439 3543 477 3599 ab
497 3542 561 3600 alio
583 3542 737 3618 usucapio.
760 3543 801 3602 Et
816 3539 926 3598 sicam
1041 3539 1107 3620 (30)
1117 3542 1154 3602 L.
1169 3542 1199 3615 8,
1213 3544 1247 3603 O.
1260 3543 1307 3602 De
1316 3559 1463 3618 praescr.
1474 3543 1517 3602 30
1525 3557 1612 3606 arares

280 3621 414 3680 donavit
435 3623 489 3679 sub
505 3621 679 3680 conditione
693 3619 876 3691 resolutiva,
894 3637 924 3677 v.
980 3623 1013 3682 Ο.
1038 3625 1088 3694 Ga,
1112 3621 1203 3696 22623
1227 3622 1281 3693 lt.‚
1305 3623 1395 3694 2135,
1412 3623 1515 3694 Lesa,
1532 3623 1571 3694 ΙΙ,
1585 3619 1612 3688 6,

287 3721 314 3762 c.
338 3705 373 3760 ut
394 3701 426 3760 in
454 3701 600 3760 decennio
630 3703 771 3777 proximo
800 3717 927 3758 uxorem
981 3702 1030 3760 17.
1047 3703 1113 3762 Nec
1128 3719 1179 3762 res
1193 3707 1327 3774 tantum,
1344 3703 1396 3763 sed
1411 3709 1443 3762 et
1458 3703 1529 3762 iura
1543 3701 1608 3782 (Cit.

281 3783 423 3850 duceret,
448 3798 502 3839 nec
524 3781 624 3850 duxit,
641 3781 802 3841 donatione
816 3779 927 3840 exinde
980 3780 1081 3858 Am),
1115 3783 1216 3842 veluti
1244 3785 1492 3859 praestationes,
1525 3781 1614 3858 largi·

286 3865 356 3938 post
384 3878 450 3920 rem
477 3861 516 3918 ab
544 3878 578 3918 eo
603 3867 782 3936 usucaptam
810 3859 928 3922 resolu·
979 3865 1097 3933 tiones,
1128 3879 1205 3936 quae
1237 3864 1347 3939 perid
1375 3873 1497 3938 tempus
1526 3861 1612 3922 eonti-

287 3950 331 4010 ta,
355 3941 499 4018 usucapio
522 3957 618 4015 neque
639 3940 766 3998 donanti
787 3943 927 4017 proderit
979 3947 1089 4001 neuter
1110 3949 1142 4000 et
1155 3941 1356 4003 uniformiter
1367 3941 1544 4020 persolutae
1558 3942 1610 4001 lue·

282 4020 441 4096 cumipse
463 4038 521 4079 non
547 4020 697 4096 potuisset
718 4037 773 4095 per
800 4037 832 4080 se
860 4039 926 4080 rem
979 4021 1045 4080 rint
1065 4021 1159 4101 (Rota
1183 4023 1290 4094 Rom,
1316 4023 1418 4082 Dacis.
1441 4023 1512 4093 543,
1537 4041 1564 4080 n.
1585 4021 1609 4090 3,

287 4116 472 4175 usucapere;
509 4117 605 4174 neque
639 4100 818 4172 donatario,
855 4102 927 4176 quia
980 4101 1124 4170 Recent,
1146 4101 1220 4160 Par.
1237 4101 1268 4174 3;
1286 4103 1370 4174 Soto,
1388 4102 1435 4163 De
1450 4101 1609 4173 Inst.,lli.

287 4179 412 4255 perinde
434 4196 493 4252 est,
517 4179 602 4238 acsi
624 4179 704 4239 nihil
726 4185 829 4239 actum
851 4180 927 4241 fuis·
980 4181 1063 4254 3,1,
1102 4201 1133 4241 v.
1161 4185 1238 4241 Noa
1268 4201 1354 4253 usu,·
1384 4183 1545 4254 Menoch,
1573 4181 1610 4242 Da

283 4263 335 4316 set
359 4257 412 4335 (V.
436 4259 536 4331 Proh,
559 4261 578 4334 ἓ
599 4260 653 4331 41,
677 4279 707 4320 n.
731 4259 780 4331 323
804 4261 924 4338 Tropl.,
980 4255 1149 4332 arbitror„
1172 4262 1240 4320 Lib.
1265 4263 1306 4335 Il,
1331 4264 1404 4339 Gap.
1424 4263 1492 4334 160,
1517 4282 1545 4323 n.
1571 4261 1607 4329 10;

282 4334 370 4414 011).
980 4341 1132 4418 Fagnan„
1157 4343 1188 4401 iu
1210 4343 1243 4402 O.
1261 4341 1356 4404 Inter
1377 4353 1495 4413 cetera,
1515 4343 1560 4403 De
1580 4341 1607 4401 0.

346 4415 465 4496 (28)1..
482 4436 547 4488 uu.,
565 4420 598 4479 O.
616 4420 662 4479 De
679 4421 775 4481 Usus.
791 4423 926 4497 trausf.;
979 4421 1032 4492 D„
1058 4439 1088 4480 n.
1117 4421 1177 4499 18).
1225 4467 1242 4490 ,,

284 4498 322 4558 0.
346 4501 418 4568 Au,
443 4497 511 4558 466.
535 4499 650 4558 verum
672 4517 740 4558 curn
762 4520 852 4577 penes
872 4521 926 4562 nos
1040 4501 1105 4579 (31)
1127 4502 1173 4562 Ex
1196 4501 1253 4562 00.
1278 4503 1308 4573 ὅ,
1332 4503 1362 4575 8,
1385 4503 1436 4576 20,
1461 4504 1507 4566 De
1521 4507 1608 4564 Prae·

283 4577 358 4636 huic
387 4579 565 4654 usucapioni
593 4579 676 4638 locus
705 4581 838 4657 amplius
867 4601 924 4640 non
980 4585 1092 4658 script.
1555 4593 1561 4602 ·
