3430 5122
367 203 471 280 curor
494 235 517 280 1.
532 227 674 282 -snorro
697 237 719 282 r.
746 237 786 282 os
810 235 1026 282 rasrnnssrrs
1049 237 1217 282 naornnnrs
1395 217 1461 286 299

106 332 252 404 bebitur
261 333 352 429 quod
363 336 524 406 relietum
536 343 589 406 est
603 338 686 427 (aa),
701 335 755 407 sin
769 336 959 408 taxationis
968 340 1092 428 gratie,
1101 337 1136 407 id
1148 343 1284 407 tanturn
1297 340 1387 430 quod
1401 361 1462 410 ne·

6 525 7 528 ¹
108 443 193 511 tum
204 443 272 511 en't
282 443 466 532 (tllnlnro
477 451 510 512 et
522 453 672 532 urgento
684 444 972 533 legatis,debetur
983 465 1087 514 omne
1100 465 1159 514 ees
1168 445 1462 532 huiusmodi,sive

107 549 260 634 facturn,
274 549 350 619 sive
362 550 544 639 iniectum3
559 556 596 620 et
610 571 699 642 quae
714 549 746 620 ei
762 551 954 622 accessoria
970 558 1064 636 sunt,
1079 557 1119 621 ut
1130 551 1351 639 emblemata,
1366 575 1460 646 gem·

109 673 206 742 mee5
227 661 375 744 excepto
397 655 677 726 dumtaxotaere
693 655 840 745 signato,
859 677 923 726 eeu
940 656 1076 726 nummi
1093 662 1129 726 et
1144 657 1357 729 numismata
1376 661 1457 749 (211).

172 759 251 830 557.
278 761 396 842 Quoad
421 761 673 850 incorporatio,
700 765 813 850 legere
835 763 958 854 aliquis
982 769 1113 856 potest:
1135 765 1195 850 l⁰.,
1221 765 1312 855 quod
1336 764 1366 834 ei
1389 772 1461 836 ter-

108 863 183 934 tius
206 866 340 957 uliquis,
367 869 435 952 vel,
462 869 524 954 2⁰,
551 867 623 958 ipse
646 869 833 958 legatarius
859 869 973 956 debet,
1000 871 1068 954 vel,
1095 869 1159 956 3⁰,
1184 871 1275 961 quod
1311 871 1462 962 ipsemet

6 1063 7 1066 Ἴ
107 968 280 1060 legatario
302 971 422 1042 debet:
448 972 528 1044 inde
552 976 704 1063 legatum
728 973 881 1044 nominis
908 975 1070 1066 (crediti),
1088 975 1313 1064 liberationiS,
1339 966 1478 1048 debiti.

108 1079 287 1166 Legatum
310 1083 466 1150 nominis
500 1081 605 1168 velet,
631 1080 660 1150 si
684 1102 813 1150 nomen
836 1087 935 1151 extat
968 1089 1108 1152 etcum
1132 1085 1279 1152 testator
1303 1084 1405 1174 leget,
1424 1089 1462 1154 et

109 1199 197 1251 cum
221 1183 384 1272 moritur,
410 1189 447 1254 at
469 1187 570 1256 lieres
603 1189 674 1258 sola
698 1185 932 1258 instrumenta
953 1195 1130 1282 praestare
1154 1189 1257 1258 debet
1282 1191 1363 1279 (26).
1403 1195 1458 1260 Li-

107 1287 292 1366 berntione
315 1291 444 1379 legato,
470 1291 504 1361 id
527 1293 638 1362 solum
662 1296 813 1382 legatum
837 1293 1053 1384 intelligitur,
1069 1295 1161 1386 quod
1178 1315 1197 1364 a
1213 1294 1379 1386 legatario
1402 1297 1459 1365 de-

109 1394 239 1481 bitum,
264 1402 347 1468 ante
382 1405 634 1470 testamentum
669 1401 815 1486 fectum,
840 1407 916 1469 erat
954 1401 1040 1490 (27),
1067 1407 1103 1470 et
1136 1409 1309 1492 quatenus
1342 1423 1387 1471 ex
1418 1421 1460 1472 eo

110 1501 244 1589 debito,
270 1511 425 1594 tempore
449 1505 572 1576 mortis
595 1505 781 1591 testatoris,
807 1513 986 1596 supererat
1012 1507 1093 1595 (28).
1120 1513 1192 1577 lloo
1226 1509 1377 1597 legatum
1408 1513 1460 1576 ta-

109 1610 182 1682 cite
206 1611 422 1703 intelligitur,
458 1614 486 1682 si
521 1619 667 1684 testator
697 1614 842 1684 debitori
877 1635 939 1684 suo
972 1613 1172 1686 oautionem
1200 1618 1283 1704 (non
1312 1615 1396 1684 item
1429 1615 1458 1685 si

6 1747 7 1750 ¹
110 1717 250 1807 pignus)
277 1719 372 1790 reddi
404 1720 542 1791 iusserit
568 1723 649 1810 (29).
677 1721 830 1812 Denique
856 1721 1010 1809 legatum
1034 1721 1139 1789 debiti
1161 1721 1209 1790 ito
1233 1720 1373 1792 demum
1398 1741 1460 1791 va-

110 1826 173 1910 let,
200 1825 228 1894 si
250 1847 317 1916 qua
341 1826 472 1896 utilitas
500 1825 575 1897 eius
593 1827 639 1896 sit
656 1828 745 1915 (50),
771 1833 907 1916 utputa,
933 1826 961 1895 si
987 1833 1252 1897 controversum
1280 1833 1366 1913 eret,
1400 1826 1459 1896 vel

109 1933 375 2022 praescriptum.
402 1937 575 2020 Ceterum,
601 1932 629 2002 si
653 1939 810 2020 testator,
829 1953 910 2002 curn
934 1933 1054 2004 decem
1079 1933 1155 2003 Seio
1179 1933 1331 2017 deberet,
1350 1932 1382 2002 ei
1399 1933 1456 2004 de·

110 2059 190 2108 eenr
215 2039 395 2129 legaverit,
421 2041 478 2110 vel
500 2041 624 2130 pignus
647 2060 688 2110 eo
712 2041 855 2110 nomine
879 2040 1081 2128 obligatum,
1107 2061 1178 2110 non
1205 2040 1374 2124 debiturn,
1398 2039 1458 2110 sed
1515 2091 1522 2101 .

106 2144 177 2214 ulia
202 2145 325 2215 deoem
351 2147 433 2234 (51),
458 2152 520 2215 aut
543 2146 666 2236 pignus
689 2145 819 2236 legasse
843 2145 1047 2234 intelligitur
1073 2147 1155 2235 (52).

173 2343 240 2426 (23)
255 2347 291 2408 1..
314 2347 364 2418 96,
382 2347 428 2406 De
452 2347 578 2424 Legat,
592 2347 624 2419 1;
647 2345 684 2406 L.
705 2346 757 2420 27,
815 2363 853 2405 ex
863 2345 1456 2426 119911193(1ι.32,50919899209).

111 2424 320 2501 §Iuliannn
334 2428 381 2486 De
394 2428 520 2502 Legat,
535 2427 591 2486 Ill.
731 2433 735 2442 '
813 2427 854 2486 Et
876 2427 903 2485 si
924 2432 1060 2487 testator
1088 2427 1165 2486 mibi
1191 2427 1347 2504 legaverit
1379 2428 1457 2502 quod

813 2523 871 2581 ego
892 2505 966 2564 aliis
986 2507 1090 2579 debeo,
1108 2508 1198 2566 beros
1213 2508 1243 2566 id
1257 2507 1355 2567 solum
1371 2523 1459 2584 prae-

812 2589 897 2644 stare
912 2587 1012 2656 debet,
1030 2604 1067 2644 ne
1084 2604 1141 2663 ego
1155 2603 1173 2644 a
1189 2587 1395 2646 oreditoribus
1412 2588 1460 2645 in-

812 2666 935 2740 quietor
949 2665 1010 2744 (Ex
1024 2666 1061 2725 L.
1078 2668 1108 2738 4,
1126 2665 1145 2741 ἓ
1161 2667 1224 2726 Sed
1239 2667 1330 2743 qnid,
1344 2665 1454 2745 Eunt).

173 2505 241 2643 (²4ss
250 2505 286 2566 L.
301 2507 331 2575 5,
346 2509 392 2568 De
406 2511 487 2578 trit„
502 2511 578 2566 vino
590 2515 621 2566 et
632 2507 700 2584 oleo
717 2509 759 2567 le·

110 2595 301 2726 9911091100
325 2668 448 2744 legarit
468 2669 499 2727 in
521 2669 626 2745 plures
649 2685 756 2739 annos,

246 2587 344 2662 ‚39‚§
361 2587 388 2660 1,
402 2588 449 2648 De
465 2588 498 2648 0.
510 2588 607 2655 usu.
619 2589 673 2657 In,
685 2587 755 2648 842.

110 2745 313 2822 supplendum
335 2749 399 2808 erit
420 2764 459 2806 ex
481 2751 613 2823 eoquod
635 2748 704 2824 plus
725 2747 757 2806 in

110 2825 176 2887 alio
192 2831 299 2886 uatum
315 2828 412 2888 inerit
425 2826 475 2909 (L.
494 2827 542 2899 13,
558 2827 640 2887 Eud.
658 2829 706 2887 Ex
720 2828 755 2888 0.

109 2907 168 2978 In,
186 2905 288 2984 1617).
313 2909 429 2966 Verum
450 2910 569 2982 quondo
597 2909 757 2984 praedium

109 2987 370 3058 demonstrative,
394 2990 512 3062 quando
532 2989 678 3048 taxative
706 2988 757 3046 de-

109 3068 270 3142 signatum
291 3067 334 3126 sit
355 3068 494 3138 delinire,
511 3067 636 3126 difficile
657 3071 689 3126 et
710 3083 757 3125 sa-

65 3215 69 3222 ,
109 3148 270 3207 lebrosum
291 3153 340 3208 est
353 3145 406 3226 (V.
431 3147 582 3220 Averani,
598 3146 758 3220 Interpr„

108 3226 182 3286 Lib.
200 3225 241 3298 ll,
259 3227 332 3303 [lap.
356 3227 420 3306 27).
443 3227 509 3286 Nos
529 3227 587 3286 boo
608 3229 676 3286 iure
698 3227 758 3286 uti-

110 3323 201 3377 mun
218 3308 245 3365 si
260 3313 396 3367 testator
411 3307 535 3366 initium
551 3307 628 3366 feeit
641 3325 660 3364 a
674 3323 758 3364 men·

108 3387 197 3447 tione
226 3388 356 3462 praedii,
389 3388 447 3446 boo
476 3388 639 3460 taxativ03
662 3386 710 3444 sin
739 3403 758 3444 a

6 3527 7 3530 ,
108 3467 239 3544 legatis,
252 3466 497 3526 demonstrative
509 3467 652 3542 loquutus
661 3465 757 3524 luisse

110 3547 261 3606 ereditur.
280 3548 322 3606 Et
342 3547 369 3605 si
390 3565 441 3605 res
462 3546 505 3606 sit
525 3547 625 3605 adhue
651 3545 754 3617 dubia,

109 3625 222 3686 favore
250 3627 432 3686 ultimarum
464 3627 672 3699 voluntatum,
706 3627 755 3686 vel

108 3723 222 3764 causae
243 3707 323 3782 piae,
339 3707 586 3767 demonstrati-ve
600 3707 755 3766 adiectum

107 3785 208 3845 luisse
229 3787 391 3846 tenendum
407 3793 455 3847 est
469 3785 595 3866 (Bened.
613 3787 698 3856 XIV,
710 3787 756 3845 De

108 3868 207 3942 Syn„
240 3865 328 3938 Xlll,
351 3866 402 3938 25,
428 3867 485 3938 33;
506 3867 581 3942 ibiq.
603 3869 636 3926 S.
653 3867 687 3928 (l.
705 3867 753 3937 G.,

6 4003 7 4008 ,
109 3945 126 4004 1
141 3947 218 4006 Deo.
237 3945 337 4026 1685).
353 3947 393 4006 Et
405 3949 467 4008 iuri
482 3947 625 4023 congruit
638 3946 689 4023 (L.
702 3946 754 4019 99,

6 4079 8 4086 ,
108 4045 172 4105 pn,
190 4025 237 4084 De
251 4026 392 4105 Legat).

169 4103 237 4184 (25)
249 4105 315 4166 LL.
330 4108 381 4179 29,
397 4107 448 4179 21,
465 4106 515 4180 29,
532 4106 579 4166 De
592 4125 669 4167 anr.
682 4123 752 4183 arg.

168 4231 238 4346 ’(26)
252 4266 317 4328 nr..
333 4269 384 4338 rs,
409 4267 478 4340 108,
502 4267 650 4343 neuen..
668 4266 701 4340 1;
718 4267 752 4328 o.

107 4347 355 4508 st'lgaii'neo,
373 4427 436 4502 ga,
453 4427 500 4486 ne
517 4427 642 4486 eruerat.
656 4425 751 4498 regar.

169 4508 236 4588 (ae)
257 4507 306 4567 nx
320 4507 357 4567 L.
373 4507 424 4578 25,
441 4508 537 4578 noa,
552 4507 585 4567 o.
602 4507 657 4579 n,
673 4507 752 4579 sin

108 4591 183 4662 Au,
199 4589 272 4649 724.
289 4587 418 4664 Nempe,
436 4589 502 4649 sive
524 4603 562 4646 ex
578 4595 673 4659 sorte,
686 4585 754 4646 sivo

113 4187 165 4262 lep

813 2745 896 2812 Quod
926 2745 953 2804 si
975 2745 1072 2804 solum
1106 2746 1244 2818 iusserit,
1267 2747 1308 2821 ad¹
1337 2752 1455 2806 certum

813 2830 934 2901 tempus
955 2842 974 2882 a
995 2843 1048 2884 suo
1060 2825 1200 2884 debitore
1220 2845 1278 2886 non
1300 2828 1375 2904 peti,
1388 2845 1458 2886 usu·

813 2922 867 2963 rae
877 2906 966 2963 huius
980 2904 1129 2982 temporis
1140 2923 1200 2963 non
1211 2907 1361 2967 debentur
1369 2907 1454 2986 (LO,

812 2985 831 3060 5
855 2983 882 3055 1,
908 2982 1018 3063 Eud).
1037 2985 1183 3060 benique,
1207 2987 1235 3044 si
1259 2988 1457 3062 procuratori

812 3083 866 3123 suo
887 3065 1025 3124 rationes
1046 3065 1217 3138 remiserit,
1241 3068 1270 3124 id
1293 3066 1391 3125 solum
1414 3067 1459 3126 le-

812 3150 919 3220 gatum
937 3145 1070 3216 videtur,
1085 3163 1126 3204 ne
1140 3148 1329 3220 scrupolose
1345 3149 1457 3224 inqui·

811 3226 885 3283 sitio
910 3227 986 3301 fiat·
1010 3225 1077 3284 ideo
1107 3230 1139 3284 et
1168 3227 1270 3285 dolum
1302 3232 1457 3303 praestat,

812 3309 844 3364 et
864 3305 942 3378 quod
963 3322 1055 3380 penes
1085 3322 1118 3363 se
1137 3310 1186 3364 est
1207 3306 1335 3366 reddere
1364 3307 1456 3366 debet

810 3383 861 3464 (L.
880 3382 949 3456 122,
966 3385 1012 3444 De
1025 3386 1116 3459 Lep„
1130 3383 1172 3464 l):
1190 3385 1251 3444 nisi
1269 3389 1396 3462 propter
1410 3385 1457 3444 as-

811 3465 938 3536 l'eotum,
962 3466 1038 3524 haeo
1059 3483 1177 3540 quoque
1197 3467 1330 3524 remissa
1352 3465 1455 3524 videri

810 3543 930 3620 possint
945 3544 1022 3623 (LL.
1034 3545 1063 3616 9,
1080 3545 1131 3615 29,
1148 3546 1199 3616 32,
1216 3545 1263 3604 De
1276 3545 1346 3603 Lib.
1366 3542 1454 3624 lep).

870 3623 937 3704 (29)
951 3625 1016 3686 LL.
1035 3623 1063 3697 l,
1080 3626 1110 3696 3,
1127 3627 1223 3694 [dode
1237 3625 1275 3684 V.
1293 3623 1395 3700 5336.

871 3705 937 3785 (30)
952 3707 970 3780 5
986 3705 1034 3776 14,
1051 3706 1098 3764 De
1117 3707 1229 3780 Legat.
1250 3705 1328 3772 Quid
1344 3705 1457 3780 igitur,

812 3783 839 3843 si
860 3790 995 3845 testator
1016 3785 1045 3844 ei
1076 3785 1157 3844 nihil
1184 3783 1334 3844 debebat?
1356 3786 1396 3844 Et
1426 3785 1454 3844 si

810 3865 1019 3939 quantitatem
1034 3865 1201 3941 expressit,
1215 3883 1245 3924 v.
1263 3883 1303 3935 c.‚
1320 3872 1455 3923 centnm

811 3962 896 4020 qnae
917 3947 948 4004 ei
961 3945 1067 4014 debeo,
1083 3945 1171 4016 utile,
1184 3944 1272 4019 quasi
1293 3943 1383 4018 falsa
1402 3945 1457 4003 de-

810 4027 1047 4083 monstratione
1069 4024 1190 4084 adieeta
1210 4022 1243 4104 (5
1263 4021 1336 4096 300,
1356 4043 1387 4084 n.
1410 4023 1456 4103 4);

810 4105 857 4162 sin
874 4105 985 4177 miuus,
1003 4123 1033 4162 v.
1054 4122 1094 4175 o.,
1112 4122 1198 4180 qnae
1217 4107 1249 4164 ei
1262 4103 1368 4172 dedeo,
1390 4103 1456 4163 inu·

809 4183 868 4243 tile
892 4183 1068 4263 (namquid
1095 4183 1213 4263 petett)
1237 4185 1374 4260 legatum
1406 4189 1456 4244 est

809 4262 962 4402 (11.2αὲ
989 4263 1120 4333 Contra,
1134 4263 1181 4322 De
1204 4265 1347 4325 Liberat.
1378 4263 1458 4340 tep.‚·

838 4343 994 4418 .78,§1‚
1012 4344 1058 4403 De
1071 4342 1211 4422 Legat).
1297 4355 1301 4364 '

869 4422 935 4504 (31)
948 4425 996 4484 Ex
1017 4423 1131 4494 L.un.,
1155 4425 1188 4484 O.
1213 4424 1260 4483 De
1282 4423 1332 4483 rei
1353 4442 1454 4483 necor.

809 4511 887 4574 act,
901 4505 935 4565 O.
952 4505 1003 4576 9.,
1022 4503 1117 4576 1023;
1134 4506 1167 4564 G.
1186 4504 1322 4576 1t.‚845.

868 4583 934 4666 (32)
947 4583 984 4646 L.
1002 4585 1052 4658 87,
1069 4585 1116 4644 De
1129 4584 1254 4661 Legat,
1269 4583 1309 4644 11.
