3404 5126
198 335 272 380 aar.
287 333 366 380 nna
378 333 477 380 turus.
492 333 576 390 oure.
593 333 749 380 caunum.
769 335 811 380 en
826 333 909 390 oona
927 335 958 380 m
976 335 1072 380 rnrn.
1091 333 1209 380 nosrno
1226 333 1303 382 surr
1356 312 1420 382 219

133 435 215 504 263.
242 440 315 505 Nec
338 434 367 503 is
390 433 502 504 solum
526 441 647 525 peccat
669 433 727 526 qui
751 435 913 520 detrahit,
939 435 999 504 sed
1022 439 1058 502 et
1090 435 1118 503 is
1147 435 1206 526 qui
1239 435 1275 503 in
1309 455 1415 506 causa

7 565 9 624 ς
68 547 139 627 est,
169 547 210 610 ut
232 542 320 611 alius
343 541 503 610 detrahat
528 547 675 631 (utputa,
701 541 730 610 si
746 562 828 610 eum
843 542 986 626 excitet,
1006 540 1207 630 interroget,
1226 543 1283 612 vel
1299 544 1420 612 foveat

69 671 218 742 quoquo
231 649 347 738 modo,
362 670 392 720 e.
404 669 453 738 gr.
462 701 470 734 ,
480 648 594 735 vultu,
604 648 687 734 risu,
700 649 848 738 cyathis)
858 701 864 732 ,
875 656 912 718 et
921 649 1019 740 quasi
1029 651 1137 738 palpo
1149 650 1324 720 tenebitur
1337 653 1420 740 (54).

70 757 183 842 Quid,
207 757 235 826 si
260 757 358 826 audit
379 757 540 826 tantum?
556 762 592 826 et
606 754 776 846 siqnidem
788 756 924 842 itabens,
943 763 1065 846 peccat
1080 765 1201 827 contra
1222 760 1418 848 caritatem,

72 870 111 932 et
133 863 252 954 quoad
275 883 357 932 eum
381 861 437 930 eui
461 861 667 947 detrahitur,
693 860 773 952 quia
797 861 979 932 infamiam
1003 864 1078 933 eius
1102 885 1173 933 non
1196 865 1366 956 prohibet;
1386 873 1422 936 et

70 970 192 1060 quoad
216 969 471 1052 detrahentem,
496 967 621 1059 quippe
645 967 702 1036 cui
733 965 951 1038 occasionem
976 976 1127 1058 praestat
1150 978 1332 1064 peccatum
1362 993 1421 1040 ex-

73 1075 191 1144 terius
214 1071 581 1162 consummandiliih).
607 1076 747 1158 Contra,
773 1073 828 1142 sin
852 1077 970 1158 trtatta,
997 1081 1152 1144 meretur
1182 1077 1308 1166 magis,
1339 1079 1420 1168 quia

74 1187 228 1252 tristitie
250 1183 367 1250 uultus
390 1183 538 1268 corripit
561 1181 725 1269 linquam
750 1179 991 1250 detrahentem
1012 1183 1092 1270 (56).
1121 1184 1180 1252 Sin
1197 1184 1338 1254 demum
1356 1206 1421 1254 nec

74 1289 217 1374 lubens,
242 1309 309 1358 nec
331 1287 452 1372 tristis,
479 1286 661 1356 caritatem
684 1285 801 1370 laedit,
819 1285 899 1376 quia
915 1286 1057 1375 praebet
1071 1289 1170 1358 alteri
1186 1291 1283 1378 quasi
1300 1309 1422 1360 ansam

74 1396 286 1466 detrahendi
306 1396 388 1484 (37),
414 1395 474 1463 sed
497 1399 615 1462 utrum
640 1393 804 1480 graviter,
830 1411 875 1461 an
893 1393 1029 1480 leviter,
1048 1415 1119 1464 non
1135 1397 1219 1464 satis
1239 1397 1419 1468 convenit.

76 1509 226 1589 Verum,
252 1503 333 1596 quia
357 1501 496 1586 caritas,
525 1502 588 1586 l⁰.,
615 1521 685 1568 non
710 1499 839 1587 cogitat
856 1501 999 1586 malum;
1019 1521 1095 1587 nec,
1114 1502 1180 1588 2⁰,
1199 1503 1327 1592 obligat
1341 1524 1423 1572 cum

7 1665 8 1670 η
76 1611 306 1682 incommodo
329 1609 438 1699 gravi;
465 1627 550 1692 nee,
569 1607 634 1692 5⁰,
661 1607 800 1690 trustra,
827 1626 936 1697 eoque
969 1609 1086 1676 minus
1118 1616 1240 1679 contra
1271 1611 1423 1700 seipsum

7 1809 9 1814 Ι
76 1721 224 1812 obligat;
249 1719 306 1788 hie
328 1725 390 1789 aut
413 1717 457 1787 ab
479 1716 588 1800 omni,
614 1721 676 1785 aut
691 1721 786 1784 certe
801 1736 821 1783 a
838 1715 932 1784 letali
958 1718 1057 1807 eulpa
1080 1725 1268 1788 excusatur
1282 1722 1339 1808 (ex
1358 1723 1419 1806 ΙΙ.)

75 1831 104 1899 si
131 1829 271 1898 nesciat
302 1833 421 1898 utrum
454 1825 525 1894 sint
558 1821 695 1892 occulta
726 1841 878 1912 eaquae
912 1825 1020 1892 refert
1052 1823 1227 1924 detractor
1245 1827 1336 1915 (58);
1362 1829 1420 1898 vel

7 1921 13 2008 Ϊ-
79 1939 138 2025 (ex
156 1937 224 2020 2⁰.)
250 1933 278 2003 si
306 1935 426 2003 timeat
449 1950 591 2018 gravem
608 1927 813 1996 detractoris
828 1927 996 1999 ollensam
1016 1931 1098 2018 (59),
1117 1938 1178 2001 aut
1194 1935 1421 2019 verecundia,

77 2045 136 2112 vel
161 2040 274 2111 animi
298 2037 582 2130 pusillanimitate
605 2034 829 2123 prohibeatur
844 2035 875 2102 ei
892 2036 1029 2124 obloqui
1049 2039 1131 2126 (aba
1159 2042 1215 2110 vel
1235 2044 1291 2128 (ex
1308 2043 1374 2126 5⁰.)
1394 2042 1422 2111 si

8 2195 9 2202 κ
76 2155 260 2232 vereatur,
287 2167 332 2215 ne
355 2147 384 2214 is
409 2142 634 2213 nihilominus
656 2141 838 2210 detrahere
861 2151 996 2231 pergat:
1023 2151 1081 2214 aut
1102 2147 1141 2234 (si
1158 2149 1358 2236 destiterit),
1378 2169 1423 2217 ne

77 2256 258 2326 auditores
281 2253 422 2343 gravius
444 2249 574 2341 aliquid
597 2246 818 2336 suspicentur
836 2248 918 2334 (ΙΙ).

7 2377 9 2386 ‘
138 2362 221 2431 262.
248 2357 479 2430 Detractionis
502 2362 537 2424 et
560 2353 756 2422 calumniae
787 2352 962 2456 obiectum
994 2358 1174 2428 materiale
1203 2380 1314 2429 unum
1347 2359 1422 2451 qui·

7 2465 8 2476 ’
79 2469 175 2554 dem,
203 2474 306 2558 atque
329 2467 422 2535 idem
445 2469 510 2548 cst,
535 2463 759 2542 existimetim
777 2459 853 2528 ideo
869 2480 951 2546 una,
969 2469 1074 2554 atque
1090 2465 1211 2536 eadem
1227 2472 1279 2535 est
1294 2465 1425 2556 species

79 2575 265 2666 utriusque
283 2573 365 2662 (aa).
392 2567 612 2656 Quaestionis
635 2572 700 2651 est,
725 2572 857 2651 utrum,
883 2588 928 2636 ax
944 2572 1046 2639 rebus
1061 2593 1149 2662 quae
1166 2572 1419 2656 obtrectantur,

7 2733 9 2748 ,
79 2689 232 2772 unaque
255 2686 369 2750 mutet
391 2677 555 2768 speciem,
581 2679 685 2764 atque
709 2671 797 2758 ideo,
823 2671 851 2741 si
875 2674 952 2764 quis
975 2675 1078 2746 alicui
1110 2678 1146 2748 in
1181 2679 1335 2768 pluribus
1367 2678 1424 2746 de·

80 2790 205 2874 trahit,
231 2795 351 2858 utrum
375 2793 410 2856 et
433 2803 621 2854 numerum
644 2785 789 2868 augeat;
824 2778 933 2850 veluti
964 2784 991 2850 si
1023 2785 1116 2854 dicat
1143 2787 1264 2856 Osium
1295 2785 1422 2870 iurem,

7 2915 9 2918 ·
80 2899 137 2966 vel
161 2895 356 2986 periurum,
381 2894 438 2962 vel
463 2889 658 2974 moechum,
685 2891 747 2954 aut
769 2886 883 2954 turem
907 2889 1086 2976 periurum
1120 2893 1317 2962 moechum.
1344 2889 1425 2974 Qui-

7 3065 9 3088 ,
54 3004 163 3076 ,dam
189 3010 331 3092 negant,
356 2999 437 3092 quia
461 3017 571 3066 unum
595 2991 761 3083 estquod
786 2992 821 3060 in
846 2993 899 3060 his
922 2997 1084 3070 omnibus
1113 2999 1273 3084 laeditur,
1309 3002 1424 3069 extati-

7 3109 9 3138 ²
81 3117 194 3184 matio
212 3112 296 3201 (45)
322 3108 379 3178 alii
403 3109 590 3188 affirmant,
615 3099 696 3193 quia
721 3098 812 3167 idem
836 3103 1014 3172 moraliter
1037 3127 1108 3186 non
1133 3107 1248 3194 estid,
1266 3107 1357 3200 quod
1373 3116 1426 3180 est

146 3253 223 3336 (34)
237 3256 336 3331 Lugo,
359 3253 445 3324 XIV,
471 3251 540 3312 123.
586 3269 597 3288 ·
784 3248 860 3304 vato
881 3247 988 3308 ordioe
1009 3250 1100 3325 iuris3
1116 3253 1254 3328 ideoque,
1271 3253 1425 3332 regulari·

7 3409 9 3416 y
143 3335 214 3416 (35)
235 3337 273 3396 D.
296 3335 370 3405 Th..
392 3335 424 3407 2,
447 3332 478 3406 2,
500 3331 551 3404 73,
576 3335 605 3393 4.
634 3329 731 3406 Infa-
784 3329 847 3396 ier,
870 3327 907 3385 ad
930 3327 1114 3391 instantiam
1136 3335 1249 3410 partia.

85 3421 206 3488 micare
228 3435 299 3476 nam
321 3415 350 3475 si
370 3417 406 3474 de
427 3431 487 3490 qua
509 3415 574 3474 alia
595 3430 647 3484 ro,
671 3429 730 3470 non
844 3405 910 3484 (38)
931 3405 1029 3488 Lago,
1046 3412 1133 3485 XIV,
1151 3413 1219 3474 128.

7 3535 8 3538 =
82 3497 469 3569 noxiaei,delectetur,ut
482 3501 569 3571 puta,
586 3493 730 3552 facundia
845 3487 911 3570 (39)
932 3489 1033 3563 Lesa,
1057 3492 1098 3564 II,
1122 3493 1179 3566 XI,
1202 3495 1254 3566 25;
1277 3492 1376 3572 Lugo,
1402 3495 1422 3554 l.

84 3577 296 3646 detrahentis,
320 3578 369 3636 rei
389 3574 537 3634 novitate
555 3574 670 3654 (Lesa,
686 3572 727 3643 Il,
785 3585 812 3625 c.
837 3569 878 3628 Et
900 3571 1013 3632 sufficit
1041 3576 1079 3634 ad
1108 3593 1176 3634 eum
1205 3577 1424 3645 excusandum,

85 3657 133 3730 ll,
158 3655 227 3733 20);
251 3657 347 3716 immo
369 3655 567 3714 detractione
588 3655 667 3729 ipsa,
691 3671 730 3712 ex
785 3647 812 3707 si
833 3649 992 3712 detractor
1014 3653 1139 3731 indigne
1154 3654 1237 3715 ierat
1257 3654 1427 3732 corrIpien·

84 3741 152 3800 sola
174 3737 371 3807 curiositate,
400 3735 451 3795 vel
474 3735 648 3805 otiositate,
679 3734 731 3793 vel
784 3733 860 3789 tem.
1098 3777 1105 3788 .

84 3821 221 3880 levitate
243 3817 341 3876 animi
368 3815 497 3896 (Tolet,
532 3814 569 3888 V,
600 3813 651 3886 67,
685 3813 728 3893 2),
845 3810 957 3890 (40)Ι).
975 3815 1048 3886 Th,
1066 3813 1095 3885 2,
1112 3813 1142 3886 2,
1158 3813 1210 3885 73,
1227 3817 1256 3874 4.
1273 3813 1312 3873 V.
1330 3832 1371 3886 e,
1388 3816 1426 3874 ob

83 3900 204 3960 leviter
217 3903 326 3973 peceat
339 3895 387 3975 (S.
405 3895 513 3972 Alph.,
531 3893 588 3966 III,
604 3893 687 3975 979).
786 3891 1008 3954 auctoritatem
1030 3893 1225 3954 detrahentis
1251 3894 1298 3975 (S.
1316 3894 1426 3971 Alph,

158 3977 213 4054 36)
237 3977 345 4048 Prov„
367 3977 470 4048 XXV,
493 3974 543 4034 23.
786 3969 845 4044 III,
867 3970 952 4051 980).

7 4111 8 4118 ,
158 4058 214 4135 37)
234 4057 304 4118 Non
320 4058 395 4117 item
412 4053 579 4129 iustitiam3
596 4057 672 4116 licet
687 4058 729 4116 sit
859 4051 912 4210 41)
933 4055 1046 4127 Salm,
1072 4053 1120 4126 13,
1144 4057 1175 4126 4,
1198 4054 1248 4114 73.

85 4135 240 4216 superior,
263 4137 331 4196 sive
352 4143 545 4196 contraeum
564 4137 730 4200 cuidetra·
858 4133 898 4192 42
939 4135 1041 4204 Moli,
1072 4137 1127 4194 Tr.
1163 4137 1201 4206 V,
1231 4133 1303 4207 2683
1326 4134 1424 4212 Lago,

83 4220 184 4288 bitur,
209 4215 321 4294 quippe
342 4215 427 4276 cuius
449 4214 534 4276 fama
555 4218 584 4275 ei
610 4219 731 4277 eredita
786 4213 832 4272 XI
865 4213 941 4284 ,36.

85 4319 144 4359 nou
168 4303 217 4357 cst
238 4295 335 4377 (Soa,
358 4297 398 4369 V,
428 4297 468 4367 X,
499 4300 530 4368 43
562 4297 595 4355 S.
619 4299 727 4374 Alph,
844 4291 910 4374 (43)
931 4295 1034 4367 Moli„
1052 4298 1106 4356 Tr.
1124 4293 1178 4366 IV,
1197 4294 1246 4366 19,
1262 4295 1294 4364 33
1310 4295 1425 4368 Calah,

83 4379 143 4454 III,
166 4375 252 4456 981);
275 4378 343 4437 sive
365 4380 474 4436 contra
500 4375 727 4447 detrahentem,
783 4372 815 4445 2,
831 4373 861 4446 2,
879 4375 929 4449 72,
945 4377 976 4448 2;
1000 4375 1098 4452 Lago,
1121 4375 1167 4435 De
1182 4377 1323 4445 Paenit,
1339 4377 1424 4449 XVI,

7 4467 10 4528 ζ
85 4459 161 4537 quia
192 4455 315 4518 volenti
347 4475 405 4516 non
440 4456 477 4516 fit
508 4457 636 4517 iniuria.
670 4460 729 4518 Sed
783 4451 854 4516 265.
878 4457 913 4515 In
943 4457 1002 4514 hac
1030 4457 1187 4517 sententia
1215 4473 1273 4514 non
1305 4462 1428 4533 oportet

86 4557 197 4612 nonne,
222 4539 269 4598 alt
290 4537 429 4608 Lessius,
447 4538 653 4614 magistratus
667 4539 729 4597 offi-
785 4539 816 4594 ln
838 4537 1030 4596 confessione
1051 4537 1211 4614 explicare
1233 4535 1264 4594 in
1285 4553 1343 4611 quo
1367 4537 1425 4596 ali-

1485 3203 1492 3268 Ι
1596 3160 1602 3175 .

1692 4343 1694 4400 i

1691 4431 1694 4484 l

1692 4571 1694 4610 i

87 4623 168 4680 cium
184 4625 244 4690 est,
263 4615 530 4678 existimationem
545 4634 663 4692 quoque
677 4637 729 4678 no·
784 4619 834 4677 cui
854 4617 1050 4690 detraxeris,
1083 4617 1160 4677 lieet
1186 4616 1271 4675 alind
1293 4617 1336 4676 sit
1362 4617 1426 4676 alio
1691 4615 1694 4700 (

87 4708 188 4762 stram
210 4697 315 4758 tuerit
336 4696 386 4756 Ita
407 4713 512 4774 porro,
535 4715 643 4757 verum
665 4716 729 4758 ser·
785 4695 928 4777 gravius
1690 4723 1694 4821 p

1692 4847 1694 4874 Ι
