3434 5142
245 285 312 355 4¹48
393 309 483 355 claun
501 309 547 356 lll.
566 325 587 338 ·
604 309 720 355 TRAGT.
739 309 774 357 ll.
793 309 857 356 tls.
876 309 943 355 vul.
964 309 1003 354 DE
1018 307 1253 356 consutoribus
1277 309 1448 383 custumis

250 415 269 489 ς
296 407 372 492 181,
397 429 433 477 n.
460 409 514 496 25)
540 407 584 478 ad
606 409 737 498 priores
760 429 913 480 conones
936 408 1105 480 trahenda
1128 415 1201 478 est:
1227 409 1375 502 denique
1398 409 1591 478 obtrudunt
1703 459 1704 462 ,

249 519 334 582 Enc.
367 517 427 582 Via
447 519 629 602 pervenit:
655 515 714 584 sed
737 515 779 585 de
803 515 906 585 huius
929 535 1033 586 sensu
1056 515 1223 606 disputari
1248 517 1338 584 ultro
1361 515 1521 605 citroque
1535 533 1590 582 su·

248 621 363 709 penius
385 619 471 690 dixi.

309 725 410 795 Nullo
440 715 555 814 igitur
580 725 786 814 manifesto,
823 747 883 798 seu
918 727 1082 812 naturali,
1106 748 1166 798 seu
1189 727 1310 797 divino
1334 727 1410 796 iure
1433 729 1589 810 constat,

248 848 370 900 usuras
399 851 466 919 per
498 851 534 900 se
559 833 626 921 (19)
660 831 810 919 illicitae,
836 838 898 903 aut
921 833 1005 903 alias
1029 832 1157 902 vetitas
1179 852 1265 903 esse.
1291 833 1382 915 Quin
1406 829 1527 923 potius
1546 854 1591 902 ex

249 936 383 1007 ratione
407 937 531 1026 agendi
556 939 733 1010 Ecclesiae
757 940 947 1011 catholicae
971 939 1184 1009 contrarium
1211 939 1408 1009 coniicitur.

310 1045 385 1114 554.
412 1051 507 1130 Quae
529 1065 610 1114 cum
635 1045 683 1116 ita
708 1047 790 1128 sint,
816 1047 997 1118 videamus
1020 1045 1146 1137 potine,
1171 1067 1260 1138 quae
1278 1065 1404 1116 usurae
1422 1049 1595 1134 (conven-

248 1151 408 1239 tionales)
434 1151 641 1223 immodicae
665 1153 831 1224 dicendae
855 1155 937 1242 sint,
963 1173 1051 1246 quae
1068 1153 1237 1240 modicae,
1255 1174 1317 1224 seu
1332 1153 1449 1244 potius
1464 1153 1591 1224 iustae.

249 1257 422 1348 Principio
446 1258 635 1330 tenendum
660 1267 726 1347 est,
752 1277 875 1330 usuras
898 1260 972 1330 sine
997 1260 1086 1329 iusto
1110 1259 1224 1352 aliquo
1247 1259 1349 1330 titulo
1371 1259 1469 1330 licite
1485 1261 1594 1352 stipu-

248 1366 311 1436 lari
337 1387 407 1436 non
432 1385 530 1456 posse
545 1367 634 1456 (20);
661 1367 772 1437 iustus
795 1374 913 1438 autem
939 1369 1063 1437 titulus
1078 1373 1142 1453 est,
1152 1373 1221 1437 eut
1234 1368 1490 1436 detrimentum
1501 1369 1594 1459 quod

249 1478 415 1542 mutuans
437 1471 568 1562 patitur
590 1473 663 1564 ipse
690 1473 776 1562 (sive
800 1475 866 1544 boc
889 1473 935 1543 sit
957 1473 1126 1543 damnum
1149 1493 1342 1562 emergens,
1367 1492 1429 1542 seu
1452 1473 1591 1543 luorum

248 1600 400 1665 cessans,
425 1599 486 1650 seu
502 1579 694 1670 periculum
711 1579 813 1651 sortis
828 1581 1070 1668 amittendae),
1089 1585 1150 1650 aut
1164 1581 1369 1672 beneficium
1383 1581 1479 1672 quod
1491 1581 1592 1652 alteri

249 1693 412 1778 praestat.
439 1692 559 1778 ltaque
582 1688 756 1774 intererit,
781 1692 900 1758 utrum
924 1689 953 1758 is
976 1694 1112 1758 certum
1135 1687 1272 1779 aliquod
1295 1708 1336 1756 ac
1351 1709 1520 1777 praesens
1534 1691 1591 1758 de-

248 1794 455 1864 trimentum
488 1794 630 1882 subeat;
662 1815 708 1865 an
733 1797 889 1864 futurum
912 1799 1065 1879 tantum,
1090 1801 1126 1864 et
1148 1795 1343 1883 incertum,
1369 1815 1415 1863 an
1440 1796 1612 1888 deniqueae

249 1901 383 1970 nullum
418 1919 568 1991 prorsus.
607 1905 644 1970 ln
675 1901 779 1990 priori
803 1921 885 1970 casu
908 1919 1031 1970 usuras
1054 1922 1098 1970 ex
1122 1899 1332 1970 detrimento
1354 1901 1451 1970 licite
1474 1901 1590 1971 metiri

1701 1282 1703 1347 l

248 2007 362 2098 palam
386 2014 439 2077 est
454 2007 542 2096 (bllz
568 2006 605 2076 in
630 2007 810 2098 posteriori
836 2007 906 2099 (qui
930 2007 992 2077 vix
1016 2005 1149 2094 incidit)
1174 2027 1325 2098 aequum
1340 2007 1505 2096 beneficii
1518 2026 1590 2097 pre·
1702 2053 1703 2072 .

246 2111 336 2182 tium
360 2133 434 2183 esse
457 2112 605 2182 dixerim
629 2133 752 2184 usuras
774 2113 965 2204 legitimam
993 2119 1029 2183 et
1044 2113 1153 2183 sicubi
1169 2111 1344 2203 legitimae
1360 2115 1479 2183 nullae
1494 2119 1589 2198 sum,

247 2219 479 2312 quincunces,
514 2217 638 2312 quippe
674 2239 762 2310 quae
795 2217 922 2311 ubique
946 2221 1021 2288 lere
1042 2217 1199 2308 gentium
1223 2218 1353 2308 legibus
1376 2219 1590 2289 constitutae

248 2331 331 2395 sunt
349 2326 430 2414 (22).
458 2325 634 2395 Secundus
657 2345 757 2396 casus
779 2323 983 2396 salebrosior
1006 2330 1069 2394 est.

308 2433 384 2502 555.
403 2439 522 2524 ltaque
538 2432 574 2501 in
590 2432 742 2503 secundo
758 2452 841 2502 casu
856 2431 1047 2522 periculum
1065 2431 1277 2502 amittendae
1294 2431 1397 2502 sortis
1412 2431 1592 2502 aestimari

247 2537 349 2607 debet
371 2557 415 2607 ex
439 2557 586 2628 persona
608 2537 684 2608 eius
706 2540 765 2630 qui
781 2545 943 2608 mutuum
959 2539 1085 2629 accipit
1098 2539 1184 2628 lidi:
1202 2542 1330 2623 cetera,
1347 2536 1438 2607 idest
1453 2539 1591 2608 lucrum

247 2663 405 2730 cessans,
435 2650 471 2714 et
493 2644 662 2715 damnum
687 2663 869 2734 emergens
892 2645 1068 2715 aestimari
1092 2645 1220 2714 debent
1243 2643 1339 2714 varie
1362 2664 1408 2713 ex
1431 2645 1533 2730 locis,
1558 2651 1592 2714 et

248 2744 541 2822 ex'nummorum
565 2750 801 2842 cumprimis,
825 2750 991 2842 cuiusque
1014 2751 1092 2838 loci,
1117 2750 1215 2840 copia
1239 2750 1295 2820 vel
1311 2749 1447 2840 inopia,
1466 2750 1591 2822 deinde
1702 2805 1703 2819 ,

247 2881 292 2930 ex
316 2859 414 2951 copia
438 2859 495 2928 vel
517 2858 633 2950 inopia
656 2859 877 2930 creditomm.
904 2866 976 2930 llac
999 2881 1037 2929 re
1052 2859 1089 2930 in
1105 2859 1246 2930 urbibus
1261 2859 1406 2930 minoris
1422 2861 1588 2946 creditur,

247 2989 352 3061 quam
376 2968 412 3036 in
437 2968 544 3058 pegia,
570 2969 626 3038 vel
650 2967 837 3058 oppidulis;
862 2988 945 3038 sane
968 2967 1070 3038 hodie
1086 2988 1211 3038 usurae
1227 2967 1263 3038 in
1280 2967 1345 3038 illis
1360 2967 1538 3055 semisses,
1555 2969 1588 3038 in

247 3075 284 3144 in
301 3075 355 3144 his
370 3081 555 3164 septunces
570 3093 642 3144 non
659 3074 865 3144 immodicae
880 3074 1144 3162 existimantur;
1159 3079 1195 3144 et
1210 3075 1274 3144 sub
1289 3075 1342 3145 bis
1357 3077 1489 3166 passim
1507 3078 1589 3147 iarn-

247 3181 306 3252 diu
321 3183 470 3250 eredunt
484 3179 611 3272 ubique
626 3179 811 3250 timoratae
827 3201 963 3272 quoque
979 3180 1213 3250 conscientiae
1229 3179 1309 3266 viri,
1323 3201 1389 3250 nec
1401 3181 1482 3252 ideo
1494 3184 1588 3254 abso
1702 3179 1703 3192 ’

246 3285 333 3356 lutio
348 3285 414 3356 illis
431 3306 451 3355 a
466 3284 685 3356 confessariis
707 3285 921 3376 denegatur,
946 3307 1073 3378 easque
1096 3307 1168 3357 non
1191 3285 1294 3356 inviti
1318 3285 1494 3357 debitores
1509 3309 1590 3378 pen-

246 3394 335 3464 dunt
359 3393 440 3483 (bl).
480 3391 596 3477 Dices,
632 3392 728 3484 atqui
763 3391 862 3464 nobis
884 3393 1063 3483 lepittmue
1085 3411 1210 3464 usurae
1234 3399 1318 3464 sunt
1340 3393 1462 3464 civiles
1487 3393 1585 3486 quin·

246 3519 393 3586 cunceS,
419 3497 647 3570 mercatoriae
674 3499 834 3568 semisses
852 3500 931 3589 (21)).
959 3503 1010 3569 lta
1033 3520 1135 3586 sane;
1163 3520 1286 3570 vemm
1310 3519 1427 3570 rerum
1451 3521 1588 3592 quoque

247 3777 323 3836 ricis
337 3777 503 3834 dumtaxat
523 3774 648 3834 vetuit:
679 3771 890 3834 Lateranense
1001 3773 1066 3854 (22)
1089 3775 1169 3836 Sane
1198 3777 1373 3835 moderatas
1397 3791 1511 3834 usuras
1532 3777 1590 3834 sti·

247 3861 350 3914 autem
386 3855 611 3913 insatiabilem
645 3856 889 3929 foeneratorum
943 3855 1045 3930 pulcri
1067 3855 1143 3914 sinit
1157 3854 1315 3927 Ecclesia;
1331 3856 1420 3930 atqui
1434 3854 1588 3916 eiusmodi

246 3937 465 4011 rapacitatem
486 3935 623 3995 damnat.
942 3933 1037 4010 vulgo
1058 3934 1210 3994 habentur
1224 3949 1335 3993 usurae
1349 3936 1548 4010 quincunces.

305 4012 372 4094 (19)
393 4013 472 4073 Nam
495 4014 676 4073 immodicae
690 4013 890 4090 proculdubio
1002 4011 1068 4092 (23)
1089 4014 1121 4074 S.
1145 4015 1183 4074 U.
1207 4014 1252 4084 l.,
1278 4011 1402 4074 131an.
1428 4011 1526 4086 17803
1548 4015 1586 4072 V.

247 4093 382 4154 illicitas
410 4097 499 4166 sunt,
523 4091 616 4152 immo
637 4099 671 4152 et
691 4095 839 4166 modicae,
862 4095 889 4154 si
942 4100 1007 4152 not.
1031 4095 1061 4153 5.

247 4191 299 4232 eas
321 4173 440 4232 caritas
462 4175 558 4232 vetet.
1002 4170 1069 4252 (24)
1079 4173 1178 4232 Porro
1193 4175 1225 4234 S.
1239 4173 1277 4234 U.
1295 4171 1485 4245 l.,28Febr.
1497 4173 1587 4246 1872,

307 4249 375 4332 (20)
394 4253 442 4312 Ex
457 4251 550 4312 Alex.
566 4251 639 4323 v11,
652 4251 813 4324 4231nnoc.
830 4253 888 4325 XI,
942 4255 1100 4330 respondit
1127 4270 1185 4311 non
1207 4271 1274 4313 esse
1295 4254 1512 4330 inquietandos
1533 4253 1589 4314 lai·
1704 4235 1706 4264 ἦ

247 4329 297 4402 41,
321 4331 371 4390 42.
943 4351 1011 4404 cos,
1042 4333 1184 4405 clericos,
1208 4333 1380 4411 regulares,
1404 4333 1459 4410 qni
1480 4349 1590 4393 usuras
1705 4391 1706 4398 ,

306 4407 373 4489 (21)
392 4411 435 4470 Ut
455 4427 537 4480 ecce,
561 4411 588 4469 si
609 4427 701 4486 quam
729 4413 889 4488 pecuniam
942 4413 1085 4473 semisses
1100 4412 1303 4488 stipulantur,
1314 4415 1476 4476 dummodo
1485 4413 1590 4490 parati
1705 4407 1706 4416 ’

246 4487 307 4548 tibi
336 4489 442 4560 credo,
473 4505 658 4564 paraveram
687 4491 724 4550 ad
752 4491 889 4550 debitum
943 4492 1006 4552 sint
1027 4509 1148 4568 parere,
1171 4497 1232 4554 etc.
1256 4495 1411 4567 (Sesatai,
1434 4493 1477 4565 11,
1501 4491 1586 4572 443).

246 4569 507 4662 extinguendum,
540 4569 618 4644 quod
647 4569 750 4629 usuris
773 4570 889 4630 hemio-
1002 4572 1069 4712 (25)
1090 4575 1123 4634 G.
1147 4573 1202 4646 lc,
1226 4573 1302 4634 1831
1316 4593 1324 4647 ;
1340 4577 1384 4646 et,
1400 4591 1451 4652 ap.
1468 4569 1588 4643 Gallos,

247 4648 301 4709 lus
322 4652 553 4708 contraxeram.
942 4652 978 4712 L.
1044 4653 1245 4730 saptiam.
