3404 5126
459 171 563 270 cnnui
587 225 621 272 n.
649 225 689 274 na
713 191 859 282 urnaouu
883 229 1107 278 nssrrrurtonn

676 534 813 604 CAPUT
836 539 877 605 ΙΙ.

460 734 499 780 ou
523 733 669 791 cranous
693 733 918 782 nssrtrurtonu
941 735 1092 791 snonstut.

165 885 250 954 250.
276 889 452 955 Hactenus
474 885 516 954 de
539 885 610 971 his,
641 905 730 977 quae
761 886 962 957 communio
992 891 1076 956 sunt
1105 887 1285 979 utriusque
1310 888 1449 958 restitu-

79 989 226 1078 tionis;
252 1012 347 1062 nunc
363 993 405 1061 de
421 991 486 1076 his,
504 997 691 1083 quaesunt
706 993 843 1082 propria
862 993 1056 1086 utriusque,
1074 993 1259 1084 separatim
1276 995 1448 1084 agendum

82 1103 148 1167 est
177 1099 316 1187 paucis:
341 1119 424 1168 nam
448 1099 580 1168 distant
602 1098 638 1167 in
662 1099 793 1168 multis.
813 1103 857 1168 Et
879 1100 916 1168 in
939 1099 1059 1189 primis
1083 1122 1127 1170 ex
1150 1102 1292 1186 obiecto;
1316 1102 1448 1172 etenim

81 1205 277 1276 restitutio
300 1227 345 1276 ex
368 1205 495 1276 iniusta
520 1205 721 1295 acceptione
744 1227 819 1275 rem
844 1210 1109 1296 interempta-tn,
1142 1209 1316 1278 restitutio
1343 1229 1449 1278 exre

83 1312 233 1383 iniuste
263 1319 404 1402 accepta
433 1335 507 1382 rem
530 1323 707 1383 extantem
731 1311 905 1402 supponit.
932 1317 1062 1384 Verum
1092 1314 1262 1406 quiahoc
1294 1337 1365 1385 non
1395 1319 1451 1386 est

84 1425 310 1509 perpetuum
337 1423 451 1510 (puta,
477 1439 558 1488 cum
581 1419 659 1510 quis
682 1440 757 1488 rem
781 1419 930 1490 alienam
954 1423 1094 1488 tantum
1119 1419 1326 1491 deteriorem
1350 1421 1445 1507 fecit,

83 1533 158 1597 aut
175 1549 224 1596 ex
240 1549 276 1597 re
291 1527 404 1607 aliena
428 1527 743 1617 percepittructus,
761 1547 847 1618 quos
870 1526 1119 1616 consumpsit),
1147 1529 1348 1618 plerumque
1364 1549 1447 1598 con-

85 1637 266 1704 currunt:
291 1634 430 1725 prendo
453 1638 571 1702 autem
595 1637 822 1717 concurrunt,
848 1637 1007 1724 utraque,
1033 1637 1073 1701 ut
1095 1633 1167 1701 dixi
1194 1635 1225 1723 (ξ
1246 1634 1321 1718 195,
1341 1654 1375 1703 n.
1396 1635 1444 1720 9),

84 1758 160 1809 suo
177 1739 257 1808 iure
271 1740 409 1830 suisque
426 1739 551 1828 regulis
575 1738 690 1808 metiri
706 1738 819 1809 debet.
838 1745 910 1808 Hoc
926 1738 1096 1828 primum:
1123 1739 1246 1808 deinde
1271 1737 1445 1809 restitutio

86 1865 137 1914 ex
156 1844 291 1914 iniusta
314 1843 515 1935 acceptione
531 1843 657 1913 nititur
671 1843 798 1913 iniuria
822 1843 971 1930 formali,
990 1843 1165 1913 restitutio
1188 1865 1233 1913 ex
1257 1865 1293 1912 re
1318 1843 1448 1913 iniuste

86 1957 245 2041 accepta
261 1951 317 2020 vel
333 1951 403 2020 sota
420 1949 589 2020 materiali
614 1950 742 2020 iniuria
766 1950 909 2020 nititur:
936 1955 1039 2042 atque
1056 1949 1133 2018 ideo
1148 1948 1205 2019 illa
1221 1951 1319 2020 velut
1333 1969 1446 2040 poena

86 2059 271 2150 quaedam
288 2064 353 2144 est,
372 2059 457 2129 haec
475 2079 547 2129 non
572 2060 668 2128 item.
696 2061 847 2129 trivero
871 2061 899 2128 si
923 2058 999 2150 quis
1022 2081 1067 2128 ex
1091 2059 1220 2129 iniusta
1244 2060 1447 2149 acceptione

87 2167 216 2236 iactus
237 2165 282 2234 sit
304 2164 518 2256 locupletior,
537 2165 572 2234 in
589 2165 811 2236 restitutione
835 2165 909 2235 eius
933 2166 969 2234 in
993 2185 1060 2256 quo
1086 2168 1198 2236 tactus
1222 2170 1274 2235 est
1298 2167 1445 2258 locuple-

86 2269 165 2340 tior
190 2290 306 2358 poena
329 2288 399 2338 non
424 2267 647 2360 intelligitur;
673 2267 750 2338 ideo
774 2271 893 2337 utrum
917 2289 997 2337 eum
1022 2272 1141 2338 teneat
1167 2268 1294 2338 iniuria
1319 2271 1446 2340 forma·

89 2372 148 2461 tis,
168 2395 218 2444 an
235 2372 423 2444 materialis
446 2377 599 2459 tantum,
617 2373 680 2443 vix
696 2373 739 2442 od
756 2394 830 2442 rem
846 2373 1014 2464 pertinet:
1042 2395 1125 2444 narn
1141 2376 1238 2466 quasi
1254 2397 1299 2446 ex
1316 2375 1445 2448 ininsta

17 2487 19 2498 '
88 2481 302 2572 acceptione
318 2485 474 2550 tenetur:
500 2479 543 2549 de
566 2480 631 2550 hoc
655 2479 761 2568 igitur
783 2480 956 2568 agendum
980 2481 1046 2548 erit
1069 2501 1150 2550 cum
1166 2483 1209 2552 de
1225 2482 1446 2554 restitutione
1487 2491 1491 2500 '

88 2609 138 2657 ex
164 2608 205 2656 re
228 2585 357 2656 iniuste
380 2591 522 2676 accepta
546 2585 613 2655 erit
635 2584 826 2675 agendum,
852 2585 943 2677 qaod
967 2585 1073 2656 velim
1097 2587 1343 2658 animadverti.

325 2861 405 2930 dar.
426 2864 450 2928 Ι.
478 2861 527 2928 De
550 2861 767 2927 restitutione
789 2879 831 2926 en
854 2860 989 2926 intarta
1013 2861 1221 2946 acceptione.

242 3064 261 3138 5
285 3061 310 3126 Ι.
341 3059 413 3140 ooo
436 3055 530 3144 sacto
553 3076 639 3144 opus
660 3057 705 3124 aa
729 3055 777 3125 ad
799 3053 1046 3142 odlipntioncm
1070 3058 1299 3125 restitutionis

476 3185 519 3234 ca·
542 3162 604 3232 tor
626 3165 740 3251 capite
765 3159 1059 3230 contrahendam.

162 3378 241 3448 251.
267 3383 360 3448 Haec
384 3376 570 3462 restitutio,
588 3375 644 3446 cui
668 3373 822 3465 apprime
846 3373 1015 3443 convenit
1038 3374 1267 3444 restitutionis
1286 3375 1443 3447 definitio

17 3557 18 3560 ,
95 3487 127 3574 (ἓ
147 3485 226 3570 195,
245 3505 281 3554 n.
301 3485 462 3576 5),quod
486 3483 529 3554 ad
552 3483 720 3552 damnum
738 3501 891 3572 passum,
910 3482 1083 3551 creditam
1107 3487 1175 3569 est,
1201 3481 1260 3550 sed
1283 3483 1375 3574 quod
1397 3483 1442 3552 ad

93 3613 178 3662 eum
208 3589 267 3682 qui
297 3591 465 3660 damnum
484 3588 606 3676 dedit,
639 3593 692 3658 est
721 3587 892 3680 quaedam
923 3587 1022 3678 quasi
1049 3607 1166 3677 poena
1199 3588 1439 3678 (pecuniane),

92 3697 222 3792 quippe
245 3697 494 3789 patrimonium
518 3697 592 3767 eius
614 3695 782 3766 diminuit
808 3695 867 3808 (i).
894 3693 1139 3780 Quamobrem,
1165 3715 1209 3764 ex
1233 3694 1299 3764 hoc
1328 3700 1441 3784 poste-

156 3919 204 4004 (l)
217 3921 265 3982 Εἰ
275 3922 312 3983 L.
325 3921 356 3994 3·
374 3922 518 3997 §Hanc
533 3921 570 3980 st
583 3937 741 3989 mensor„
795 3924 874 3986 tiam
890 3924 1001 3984 iudicis
1011 3922 1229 3996 debetur3illa,
1241 3921 1299 3996 3⁰,
1312 3925 1441 3984 heredes

93 4003 172 4079 ibiq.
191 4003 257 4074 ola
273 4003 310 4062 D.
327 4002 398 4074 Th,
414 4003 445 4074 2,
462 4003 492 4072 2,
508 4003 559 4074 67,
576 4002 612 4074 7;
635 4001 739 4071 Lesa,
796 4023 855 4064 non
876 4008 974 4076 tenet,
992 4004 1069 4062 haec
1089 4007 1186 4074 tenet,
1203 4021 1242 4062 ex
1261 4002 1329 4063 iure
1351 4021 1440 4064 ceno-

17 4125 18 4128 ,
94 4083 136 4158 ΙΙ,
153 4085 184 4156 7,
207 4084 247 4143 27
257 4101 265 4156 ;
291 4083 324 4142 S.
341 4083 449 4159 Alph.,
467 4081 524 4154 III,
548 4082 619 4144 550.
637 4081 742 4148 Quasi
795 4084 864 4143 nico
886 4085 996 4160 ubique
1017 4087 1152 4160 recepto.
1171 4083 1279 4159 Itaque
1294 4101 1334 4143 ox
1348 4089 1441 4161 parte

92 4165 206 4246 (Lago,
229 4163 317 4233 VIII,
340 4162 400 4234 593
422 4165 461 4223 V.
486 4165 505 4238 ς
527 4162 596 4234 196,
614 4183 644 4223 n.
670 4159 737 4240 10):
795 4164 862 4224 eius
876 4165 927 4240 qni
944 4165 1086 4223 damnum
1101 4161 1197 4235 dedit,
1214 4169 1263 4224 est
1276 4181 1376 4242 poena
1389 4182 1440 4242 pe-

17 4293 18 4296 ,
96 4245 213 4306 etenim
227 4261 246 4302 a
261 4260 347 4303 mera
361 4259 458 4320 poene
474 4243 614 4320 pluribus
629 4243 739 4312 distat3
795 4244 948 4316 cuniaria,
964 4243 1037 4320 quia
1054 4242 1200 4302 diminuit
1213 4243 1440 4320 patrimonium

94 4341 178 4394 nom,
197 4322 252 4394 1⁰„
268 4323 346 4382 haec
368 4327 417 4382 est
437 4339 534 4399 poena
560 4325 739 4394 dumtaxat,
795 4323 878 4382 eius:
909 4342 948 4382 ex
972 4325 1064 4400 parte
1090 4323 1234 4381 damnum
1261 4324 1361 4401 passI,
1391 4330 1441 4384 est

95 4405 257 4468 restitutio
278 4403 425 4462 dedinent
446 4421 564 4478 quoque
594 4402 741 4463 naturale
795 4403 877 4464 actio
898 4403 947 4462 rei
961 4401 1173 4480 persecutoria
1189 4404 1251 4484 (Ex
1272 4404 1310 4464 L.
1327 4404 1379 4478 34,
1392 4403 1440 4464 De

97 4489 144 4544 est
156 4484 269 4578 (Lago,
285 4481 373 4554 XIX,
387 4479 457 4562 94);
473 4479 530 4556 2⁰,
547 4501 645 4559 poena
667 4485 741 4542 sim·
793 4483 835 4544 A.
853 4490 885 4543 et
898 4483 959 4560 O.).

96 4563 223 4641 pliciter
238 4571 323 4642 post,
337 4561 499 4624 restitutio
520 4571 598 4623 ante
618 4571 742 4622 senten-
