3404 5134
11 89 13 126 Ι

11 187 16 232 t
386 257 489 304 carus
514 260 548 304 rr.
575 259 615 304 na
639 259 732 304 vrrns
757 259 911 306 ascrororr
935 259 1092 306 orrosrrrs
1362 240 1403 307 27

11 371 13 418 t
74 359 119 430 scd
140 357 341 428 conditione
365 358 512 443 adiecta,
538 358 566 428 si
591 359 656 428 hoc
680 357 754 428 sine
787 379 880 428 novo
913 358 1082 430 malelicio
1116 359 1189 429 lieri
1219 361 1335 450 possit.
1363 364 1406 430 rt

11 459 13 554 ξ
73 487 142 536 rero
163 465 329 536 dirimere
354 466 450 555 signa
476 465 649 550 malelieii,
676 487 710 536 v.
730 483 777 551 c,
796 467 977 557 imagines,
997 489 1122 554 nexus,
1141 468 1403 558 ligaturasetc»,

11 565 16 674 )
68 573 139 643 licet
159 572 216 642 vel
241 571 308 662 ipsi
332 572 500 657 maletico,
525 571 584 664 qui
610 571 666 642 illa
690 571 823 662 posuit;
849 573 988 664 quippe,
1015 595 1055 642 ea
1081 576 1316 662 removendo,-
1333 598 1404 646 ma·
1481 603 1483 608 ·

11 687 15 830 )
69 679 117 780 gis
133 678 261 748 recedit
288 700 308 748 a
331 678 496 748 societate
521 677 701 748 daemonis
720 677 829 766 (45)
1179 677 1182 684 ’

11 845 12 872 ,
121 787 170 854 56.
198 789 299 854 Vana
323 806 459 876 quoquc
483 789 680 872 ohservare,
706 787 749 855 ad
772 787 921 858 salutem
944 807 1004 857 seu
1035 789 1312 860 conservandam
1344 809 1405 858 seu

11 951 12 956 ,
71 891 347 980 recuperandam,
372 891 428 959 vel
444 892 494 960 ad
518 892 654 962 tuturos
678 909 778 961 casus
806 894 1076 982 praecavendos,
1106 893 1303 984 superstitio
1327 901 1402 981 est;

70 997 170 1065 stilla
193 996 337 1088 quidem
361 998 584 1068 obseruantia
607 1003 805 1070 salsitatem
829 999 897 1068 dici
922 999 1027 1088 solet,
1054 1001 1153 1086 haec,
1182 1001 1406 1075 ooeervaoaa

71 1099 267 1188 scaurorum
291 1113 491 1172 ecuntuum.
532 1103 657 1174 Prioris
682 1103 740 1173 rei
773 1111 875 1190 sunt,
901 1125 983 1174 cum
1007 1105 1146 1195 primis,
1179 1106 1239 1198 qui
1263 1127 1404 1175 omnem

70 1206 222 1278 orationis
247 1209 466 1300 aliorumque
492 1207 629 1300 pietatis
652 1231 797 1299 operum
822 1210 895 1280 vim
924 1217 959 1280 et
988 1211 1198 1298 efficaciam,
1235 1209 1405 1302 ineptissi-

72 1315 126 1384 mis
146 1316 355 1408 quibusdam
380 1337 497 1387 rerum
521 1317 693 1388 adiunctis
721 1309 1066 1408 contineri,'putant
1085 1321 1167 1408 (44).
1205 1317 1405 1388 Posterioris

11 1445 13 1500 ι
71 1443 153 1508 vero,
177 1423 252 1514 qui,
279 1445 325 1492 ex
350 1423 493 1493 lortuito
518 1424 632 1516 aliquo
656 1444 756 1509 casu,
789 1423 980 1494 calamitosi
1015 1425 1144 1517 aliquid
1168 1432 1229 1495 aut
1252 1423 1404 1515 prosperi

72 1527 262 1598 ominamur
282 1531 365 1619 (46)..
404 1537 496 1600 Haec
526 1531 734 1600 divinationi
767 1538 872 1622 prope
903 1531 1055 1620 accedit;
1086 1533 1122 1600 in
1154 1555 1195 1602 eo
1218 1539 1338 1602 tamen
1362 1531 1406 1600 ab

11 1655 13 1724 ζ
72 1635 118 1706 illa
137 1637 254 1724 distat,
281 1638 375 1730 quod
397 1637 568 1708 divinatio
592 1639 727 1708 occurs
753 1638 853 1724 scire,
880 1639 965 1708 haec
990 1640 1116 1710 futuris
1143 1659 1269 1710 cavere
1293 1638 1404 1729 appri-

72 1765 118 1812 me
132 1745 257 1813 studet.
279 1745 343 1814 Sed
360 1743 396 1813 in
413 1744 468 1814 lais
483 1745 583 1815 facile
599 1745 689 1814 bona
707 1743 790 1814 tides
806 1751 962 1830 excusat,
981 1745 1183 1835 praesertim
1201 1747 1302 1814 rudes
1320 1746 1402 1832 (46).

11 1873 13 1916 ε
121 1851 170 1919 57.
197 1861 265 1920 Ars
290 1855 430 1921 notorio
455 1851 587 1921 Nostris
611 1857 664 1921 est
687 1873 728 1920 ea
753 1851 964 1941 superstitio,
989 1873 1056 1944 qua
1080 1852 1169 1943 quis,
1194 1858 1289 1920 certa
1304 1871 1405 1940 prece

11 2033 13 2046 ,
77 1957 221 2042 adhibita,
248 1959 308 2026 vel
332 1959 455 2047 poculo
481 1957 616 2042 hausto,
643 1957 734 2027 illico
758 1955 900 2028 doctum
926 1977 962 2026 se
986 1957 1060 2027 sreri
1084 1963 1182 2048 putat
1201 1957 1282 2046 (47).
1313 1961 1405 2026 llaec

11 2073 12 2116 Ι
78 2062 256 2150 superstitio
281 2061 418 2132 difficile
443 2063 602 2132 excusari
632 2070 747 2154 potest
778 2085 797 2132 a
829 2063 941 2150 letali3
966 2084 1070 2154 quem
1094 2061 1189 2142 enim
1213 2063 1320 2152 iugit,
1346 2083 1405 2132 ne-

11 2191 13 2264 j
76 2167 187 2238 uiuam
211 2169 405 2261 quidquam
429 2169 516 2239 scire
541 2189 638 2260 posse
666 2169 744 2259 (nisi
769 2169 917 2240 [uerita
948 2177 1016 2240 Deo
1044 2169 1199 2240 immissa
1224 2171 1402 2257 scientia),

11 2271 13 2364 ζ
77 2273 128 2342 nisi
148 2277 238 2366 quod
261 2283 367 2346 antea
392 2276 506 2346 studio
530 2281 566 2345 et
589 2277 699 2346 multo
728 2277 842 2346 labore
870 2276 1029 2346 didicerit
1055 2277 1148 2366 (48)Ι
1176 2281 1350 2360 Ceterum,
1376 2275 1404 2344 si

11 2465 13 2476 ζ
76 2380 137 2470 quis
158 2384 250 2453 rudis
274 2390 311 2453 et
333 2383 475 2472 ignarus
498 2384 623 2469 lromo,
648 2384 762 2453 subito
786 2383 871 2454 scite
895 2385 987 2476 loqui
1012 2383 1140 2476 aliquid
1170 2384 1343 2474 coeperit,
1369 2389 1406 2453 et

126 2696 184 2777 (43)
199 2701 369 2772 Salnraut,
381 2699 484 2760 n.157.
499 2699 705 2759 Communis·
761 2699 819 2759 His
833 2700 963 2759 addendi
978 2705 1061 2770 sunt,
1075 2701 1127 2774 qui
1142 2701 1310 2760 observant
1324 2701 1401 2772 dies,

81 2795 161 2837 sama.
327 2815 329 2820 ,
471 2807 475 2814 ·

127 2858 186 2939 (44)
207 2863 246 2922 V.
266 2860 395 2932 Senon,
413 2859 516 2931 D.,Il,
532 2858 580 2926 15,
599 2859 646 2920 16.
662 2860 706 2920 ΙΙΙ

11 2951 18 3005 ⁵,
82 2953 139 2996 ecce
151 2942 262 3011 subito,
280 2946 311 2998 et
326 2957 385 2999 non
400 2957 454 2999 suo
469 2939 546 3011 sato,
564 2941 643 2998 haud
660 2939 705 2998 in·

11 3011 13 3074 l
82 3019 227 3080 teritorum
242 3020 297 3097 qui
314 3024 417 3079 certas
431 3037 538 3096 preces
553 3021 706 3079 recitave-

11 3123 13 3184 ξ
83 3096 125 3166 rit,
146 3101 194 3159 vel
213 3100 312 3160 certis
333 3101 430 3167 horis,
448 3100 500 3160 vel
520 3107 607 3160 certo
621 3099 702 3159 situ:

11 3185 13 3214 ³
83 3191 127 3234 ron
141 3177 338 3240 interiturum
354 3197 393 3238 ex
407 3179 548 3250 vulnere,
562 3179 614 3254 qui
629 3179 705 3239 ieiu-

760 2781 870 2854 quibus
893 2781 1038 2858 expediat
1063 2779 1181 2858 aliquid
1203 2780 1324 2850 lacere,
1353 2781 1404 2840 vel

761 2861 924 2919 omittere:
944 2867 978 2920 ut
999 2876 1080 2929 ecce,
1107 2859 1225 2934 quaudo
1247 2868 1401 2937 oporteat,

761 2939 812 2998 val
836 2957 907 3011 non,
934 2942 997 3000 iter
1020 2939 1161 3016 aggredi,
1188 2955 1330 3016 sponsam
1352 2942 1403 3000 do·

761 3037 843 3078 mum
864 3020 1013 3078 deducere
1027 3017 1102 3089 eta,
1116 3027 1209 3094 atque
1223 3019 1291 3078 ideo
1306 3020 1401 3092 nolle,

761 3117 792 3158 v.
810 3119 850 3169 c.,
865 3099 989 3160 initium
1004 3099 1137 3158 alicuius
1159 3099 1206 3158 rei
1231 3099 1335 3159 lacere
1354 3100 1405 3160 die

760 3179 885 3250 Martis,
903 3197 1017 3256 ungues
1032 3179 1251 3256 praescindere
1272 3179 1322 3238 die
1342 3181 1402 3240 Ve-

83 3260 187 3318 narerit
197 3263 229 3321 in
239 3260 411 3337 pervigilio
422 3259 453 3318 S.
467 3259 630 3336 Stephani,
643 3264 703 3319 etc.

84 3333 184 3412 (cmix,
201 3342 259 3414 111,
274 3341 296 3410 Ι,
313 3337 376 3416 29).
393 3341 461 3399 Huc
471 3339 641 3416 pertinent,
653 3341 706 3414 qui

11 3429 13 3500 j
83 3421 174 3502 patant
189 3424 318 3481 reddere
333 3437 424 3480 canes
444 3425 556 3489 mutos,
572 3420 706 3495 prolatis

11 3513 13 3566 q
84 3493 121 3551 lus
131 3501 245 3561 verbis:
266 3503 301 3556 io
318 3517 410 3559 carno
425 3507 456 3557 et
468 3502 564 3573 freno
583 3499 706 3558 maceil-

86 3571 237 3640 tuscorum
251 3582 458 3655 constrinpe;
469 3579 519 3638 vel
534 3580 642 3639 tussim
654 3598 706 3638 ex·

11 3665 26 3694 '·
83 3653 192 3730 pellere,
215 3661 351 3720 recitato
372 3671 423 3752 ιρι·
436 3660 546 3728 Pater,
562 3661 616 3720 sub
630 3660 706 3721 solis

84 3736 184 3820 olium:
201 3742 253 3816 qui
274 3739 438 3815 Reliquias
453 3739 509 3798 SS.
521 3745 647 3815 gestant
661 3741 705 3800 al·

84 3807 181 3903 heatae
194 3809 286 3882 a'tali
309 3837 450 3897 persona,
476 3819 610 3879 vel'tali
633 3819 702 3878 filo:

85 3905 126 3963 qur
138 3895 191 3956 sibi
204 3901 400 3976 persuadent,
419 3899 485 3958 lore
501 3911 535 3958 ut
549 3917 703 3974 nunquam

11 3979 27 4044 f
85 3974 209 4042 luosdam
231 3997 318 4041 casus
340 3979 493 4050 incurrat,
511 3997 541 4037 v.
560 3999 601 4052 c.,
619 3982 705 4038 utet

86 4063 148 4122 illo
160 4056 286 4131 decidat,
304 4061 367 4130 vel,
385 4061 412 4120 si
425 4058 588 4132 deciderit,
606 4064 639 4118 ut
654 4061 705 4119 da-

87 4142 172 4220 mnum
190 4143 313 4212 sentiat,
338 4141 364 4199 is
386 4141 438 4214 qui
454 4138 486 4198 S.
503 4139 631 4216 Georgii
652 4159 706 4198 uu·

86 4223 180 4272 misna
199 4221 381 4286 gestaverit.

135 4293 192 4372 (45)
204 4299 293 4373 Puta,
306 4301 333 4360 si
343 4317 447 4359 somno
456 4301 615 4359 excitatus
626 4312 707 4360 ster·

89 4375 236 4458 ululaverit,
252 4381 279 4440 si
294 4399 383 4440 mane
397 4381 485 4438 domo
496 4380 659 4455 egrediens
673 4379 705 4436 in

90 4446 338 4521 hneuotienderit
353 4459 406 4541 (V.
430 4460 561 4532 Tibull,
583 4459 652 4518 Lib.
678 4459 703 4530 I,

90 4525 163 4619 Eleg.
177 4534 214 4613 7),
231 4541 257 4598 si
273 4544 359 4618 cauis
374 4557 548 4616 praegnans
563 4555 705 4598 occurre-

90 4611 706 4698 ut(S.lug.,Doet.continendas.)

760 3258 856 3329 neris,
873 3265 1011 3319 mutuum
1026 3261 1100 3318 dare
1110 3259 1160 3318 die
1176 3258 1266 3316 lunae
1281 3263 1342 3319 etc.

819 3335 885 3418 (46)
900 3341 937 3400 V.
957 3340 1083 3411 Sauclo,
1094 3339 1147 3408 D.,
1158 3339 1199 3408 ΙΙ,
1212 3339 1262 3408 33,
1274 3338 1324 3399 21.
1337 3339 1404 3400 Hac

760 3436 805 3488 re,
822 3419 849 3478 si
864 3436 923 3493 qua
939 3420 969 3478 iu
986 3421 1074 3496 pagis
1088 3427 1143 3480 aut
1167 3419 1285 3495 oppidis
1305 3421 1404 3479 adhuc

759 3499 1404 3575 vigent,quotiesnonapparat,daemonem

760 3595 792 3637 se
807 3578 852 3636 eis
867 3579 1054 3648 immiscere,
1070 3577 1196 3656 expedit
1210 3595 1247 3636 ea
1261 3579 1402 3638 dissimu-

760 3658 827 3717 lare
856 3657 942 3740 (nam
976 3659 1153 3718 convellere
1187 3657 1403 3717 difficillimum

760 3736 832 3815 est),
850 3756 888 3797 ue
902 3739 985 3798 forte
1000 3738 1034 3797 hi
1048 3739 1101 3814 qui
1121 3739 1208 3810 haec,
1224 3737 1404 3815 plerumque

760 3820 815 3877 sub
830 3819 931 3895 speeie
947 3819 1122 3895 religionis,
1139 3824 1247 3895 agunt,
1260 3817 1297 3876 de
1307 3823 1404 3878 mate·

760 3896 835 3957 riali
851 3899 883 3957 in
905 3898 1038 3958 formale
1060 3907 1220 3974 peccatum
1241 3903 1404 3958 transeant

760 3978 902 4058 (Sanan,
920 3980 993 4055 Gap.
1013 3978 1063 4050 40,
1080 3976 1143 4054 36).
1156 3975 1403 4054 Etsipoeniteus

760 4059 796 4116 de
823 4057 873 4117 his
901 4059 1123 4119 confessarium
1149 4058 1342 4132 interroget,
1375 4057 1403 4118 is

760 4137 837 4196 haee
858 4137 1007 4210 irrideat,
1036 4137 1245 4214 poenitentem
1273 4143 1400 4214 carpat,

760 4219 811 4276 sed
823 4218 933 4277 letalia
945 4236 1012 4277 esse
1021 4235 1080 4276 non
1089 4217 1174 4276 dicat
1185 4216 1400 4297 (Frassinetti,

760 4297 832 4356 Vol.
851 4299 877 4369 I,
895 4296 976 4373 172).

820 4377 886 4458 (47)
906 4379 943 4437 D.
962 4377 1033 4447 Th,
1051 4375 1081 4447 2,
1098 4375 1129 4449 2,
1141 4377 1191 4448 96,
1204 4378 1234 4448 l;
1251 4376 1355 4450 Suan,
1369 4379 1399 4450 7,

761 4457 810 4527 15,
827 4459 857 4517 5.
874 4460 960 4518 Unde
982 4466 1085 4517 autem
1101 4458 1147 4516 sic
1162 4456 1321 4536 appellata
1336 4457 1401 4517 iue-

760 4539 816 4608 rit,
834 4537 1007 4612 ignoratur.

820 4614 885 4698 (48)
900 4618 1005 4690 Susa,
1024 4615 1072 4690 15,
1085 4617 1122 4689 63
1142 4618 1190 4692 16,
1207 4618 1238 4679 2.
