3430 5122
254 190 318 260 996
372 213 462 259 urana
479 213 526 260 111.
541 229 562 241 -
574 213 690 260 sanor.
710 213 744 258 n.
763 213 826 259 nr.
847 213 937 285 upa
953 213 1060 258 utria.
1081 212 1255 261 retournr.
1274 214 1380 259 nerra.
1396 213 1464 260 aro.

232 412 340 488 'vero
364 417 593 487 hereditatem
618 418 675 488 rel
697 437 832 488 annuas
855 417 1105 508 praestationes
1121 418 1328 508 relinquere,
1346 407 1503 507 publicae
1534 409 1604 486 uta)

255 521 363 592 litatis
396 543 500 594 eausa
527 528 576 612 lv:
601 545 647 608 e,
661 523 805 594 alendis
829 524 1048 614 pauperibus,
1074 521 1189 613 pueris
1209 521 1451 609 instituendis,
1475 522 1605 614 puellis

255 628 442 716 dotandis),
467 630 592 722 quovis
611 629 740 701 beredo
764 631 891 721 scripto
918 636 965 720 (v.
992 651 1038 716 e.,
1064 628 1190 699 tuturis
1213 629 1406 722 quibusque
1428 629 1604 722 primoge·
1697 655 1699 714 ξ

188 811 191 834 μ
256 735 339 804 nitis
362 737 445 822 suis,
472 735 529 805 vel
552 736 721 825 alterius),
747 737 784 806 in
809 737 883 807 iure
906 737 1115 808 nominatim
1138 736 1344 826 permissum
1368 743 1422 808 est
1447 737 1535 825 (stt).
1697 757 1699 764 ·

764 975 783 1050 ἓ
808 970 839 1038 2.
868 973 917 1037 De
942 972 1105 1058 tepetis,

316 1147 392 1216 est.
410 1151 573 1234 Legatum
597 1152 666 1214 est:
689 1150 836 1215 bonotto
860 1155 1059 1216 oteetatore
1079 1148 1214 1232 relicto,
1241 1147 1284 1216 ab
1308 1146 1479 1236 honorato
1492 1170 1606 1239 proe-

255 1254 387 1324 stende
414 1254 472 1342 (Ι).
500 1259 627 1350 Lagare
650 1238 768 1322 autern
792 1253 914 1344 aliquis
937 1258 1050 1343 potest
1072 1273 1146 1322 rem
1178 1273 1290 1338 suam,
1316 1254 1478 1341 alienam,
1508 1275 1608 1326 eom·

257 1381 412 1430 munem.
440 1365 465 1428 Ι.
492 1359 552 1430 uei
590 1379 672 1429 suae
706 1362 857 1449 legatum
893 1366 946 1430 est
976 1365 1092 1456 ratum
1126 1380 1263 1450 semper
1289 1363 1348 1450 (i).
1375 1367 1416 1431 ll.
1443 1363 1606 1448 Alienae,

256 1466 432 1558 siquidem.
450 1467 524 1536 eius
546 1485 566 1535 a
591 1467 666 1558 quo'
683 1468 829 1556 legatur,
855 1465 967 1536 adhuc
991 1472 1105 1535 ratum
1130 1473 1184 1536 est
1209 1468 1275 1556 (5),
1301 1468 1355 1536 sin
1380 1467 1486 1558 ipsius
1512 1468 1607 1558 lega·

255 1572 348 1658 tarii,
374 1573 511 1642 irritum
538 1574 604 1660 (t),
632 1571 687 1641 sin
721 1571 875 1666 alteriue,
901 1571 949 1642 ita
983 1572 1125 1668 demum
1149 1573 1255 1658 valet,
1280 1573 1309 1642 si
1334 1575 1390 1644 vel
1425 1596 1470 1643 ex
1493 1579 1607 1644 testa·

261 1684 380 1747 mento
397 1678 469 1768 ipso
494 1683 657 1767 appareat
672 1683 873 1748 testatorem
890 1677 980 1748 baud
998 1677 1171 1766 ignorasse
1188 1699 1263 1748 rem
1278 1697 1352 1748 esse
1368 1679 1523 1749 alienam
1542 1681 1605 1770 (5),

257 1786 313 1858 vel
337 1805 398 1856 sua
422 1787 492 1854 iam
517 1785 562 1854 sit
584 1785 677 1855 laeta
701 1806 782 1856 eum
811 1788 959 1856 moritur
984 1786 1040 1874 (6).
1061 1783 1227 1877 Denique,
1253 1791 1325 1872 ΙΙΙ.,
1352 1807 1602 1874 communem,

316 1981 381 2075 (34)
396 1995 430 2056 G.
455 1993 592 2070 laeuo,
609 1995 652 2052 At
667 1995 701 2055 G.
719 1997 755 2054 (1.
774 1997 816 2088 (a.
830 1990 903 2070 896)
953 1994 979 2052 si
1002 2009 1070 2051 eam
1092 2010 1110 2050 a
1131 1993 1287 2070 legatario
1313 1997 1447 2066 emerat,
1473 1999 1508 2054 et
1534 2011 1604 2072 pre-

259 2075 357 2152 ipsam
379 2091 497 2150 quoque
518 2074 612 2150 primi
634 2075 759 2134 heredis
777 2076 904 2135 institu-
953 2073 1034 2131 tium
1064 2074 1194 2131 noudum
1226 2074 1446 2148 persolverat,
1480 2075 1606 2150 legata·

257 2155 374 2214 tionem
396 2155 523 2213 irritam
546 2153 637 2212 feeit:
655 2155 722 2213 ideo
744 2155 861 2214 Gallici
876 2155 900 2212 l.
955 2154 1021 2212 rius
1041 2169 1081 2212 ex
1102 2157 1291 2212 testamento
1309 2171 1391 2226 rem,
1411 2171 1452 2213 ex
1474 2155 1605 2214 vendito
1698 2203 1699 2210 .

258 2235 292 2296 O.
315 2235 346 2294 in
372 2234 483 2294 vetitis
510 2233 782 2293 substitutionibus
811 2252 904 2311 agno·
952 2235 1100 2308 pretium
1120 2224 1288 2310 exigit”(L.
1305 2236 1335 2307 l,
1352 2235 1371 2308 S
1388 2231 1460 2307 ult,
1478 2233 1529 2294 De
1548 2234 1606 2292 Le·
1697 2225 1699 2254 '

258 2313 379 2374 scendis
399 2313 513 2374 merito
534 2312 738 2384 difficiliores,
763 2331 800 2374 oe
814 2321 904 2374 aetus
954 2322 1035 2389 qut,
1051 2310 1104 2390 ll).

258 2395 407 2453 intereat.
424 2393 501 2459 Quid
524 2393 551 2451 si
572 2393 751 2452 fiduciarius
773 2411 831 2452 non
852 2413 903 2470 po·
1014 2391 1061 2473 (3)
1075 2391 1113 2452 L.
1128 2389 1179 2460 69,
1197 2391 1216 2466 5
1231 2393 1269 2452 Si
1282 2411 1364 2462 rem,
1379 2392 1478 2465 soor
1492 2394 1530 2454 C.
1548 2391 1601 2464 It,

258 2473 358 2533 tuerit
372 2473 570 2532 autnoluerit
582 2473 787 2534 hereditatem
804 2473 905 2533 adiret
956 2471 1033 2545 8383
1049 2476 1124 2543 Au,
1140 2469 1211 2532 662.
1697 2487 1699 2538 3

257 2555 299 2614 Et
319 2571 356 2611 ne
384 2557 513 2629 pereant
542 2555 729 2612 testatorum
760 2553 903 2613 volunta·
1016 2549 1602 2630 (4)§10,Detepat.;o.1t.,843;
1697 2561 1699 2612 l

256 2641 316 2704 tes,
333 2633 481 2692 existimo
495 2633 621 2708 perinde
636 2631 807 2693 habendum
821 2651 900 2706 esse,
956 2635 1030 2704 Au,
1052 2632 1128 2705 6643
1144 2633 1182 2692 V.
1201 2633 1219 2708 5
1243 2631 1312 2704 130,
1329 2654 1358 2692 n.
1378 2632 1405 2694 1.
1422 2633 1494 2692 Nisi
1522 2633 1605 2692 sorte
1697 2627 1699 2678 ἵ

258 2730 294 2771 aa
316 2717 343 2771 si
364 2713 531 2772 institutus
553 2731 609 2770 uon
630 2711 753 2786 luisset,
776 2715 903 2788 ideoque
956 2713 999 2772 sit
1020 2711 1127 2787 aliqua
1148 2712 1215 2771 eius
1237 2715 1381 2786 utilitas;
1408 2719 1442 2773 ut
1469 2731 1555 2785 eece,
1580 2711 1606 2769 si
1697 2719 1699 2730 '

257 2793 511 2854 substitutionem
533 2793 695 2852 sustineri.
711 2793 777 2853 Hoe
797 2801 829 2853 et
853 2811 904 2852 ae·
955 2793 983 2851 is
1004 2809 1072 2850 eam
1092 2793 1218 2868 pignori
1249 2794 1389 2866 dederat,
1412 2810 1483 2852 nem
1512 2794 1605 2851 lieres
1697 2795 1699 2866 ξ

257 2873 361 2948 quites
393 2873 545 2948 suggerit,
569 2877 612 2942 et,
637 2873 669 2931 ni
692 2871 791 2944 fallit,
818 2891 904 2933 mens
957 2872 1080 2948 cogitur
1125 2872 1216 2947 ignus
1237 2872 1323 2932 luere
1342 2873 1393 2951 (L.
1410 2872 1461 2943 88,
1479 2889 1544 2949 pin,
1561 2869 1605 2930 De
1697 2869 1699 2918 i

258 2951 453 3028 legislatoris
466 2951 519 3032 (V.
538 2953 571 3012 9.
589 2951 644 3024 It,
658 2951 741 3031 889).
954 2891 1132 3028 Lapat.‚‘l).
1150 2951 1211 3010 Vel
1242 2951 1303 3011 nisi
1325 2970 1377 3010 rea
1398 2953 1506 3028 legata
1540 2951 1603 3010 fue-
1697 2941 1699 3014 l

319 3033 365 3091 Ad
381 3031 468 3103 haer,
486 3037 519 3090 ut
529 3033 710 3092 substitutio
726 3033 826 3092 vetita
840 3032 903 3092 diei
955 3032 1001 3090 rit
1026 3033 1080 3090 sub
1101 3032 1161 3090 hae
1181 3048 1331 3108 expressa
1352 3031 1543 3100 conditione,
1565 3031 1603 3097 si,
1697 3049 1699 3072 τ

258 3111 357 3187 possit
378 3127 417 3168 ex
439 3111 506 3170 iure
530 3113 629 3183 Gall,
654 3115 712 3172 duo
741 3117 905 3188 praeterea
956 3119 1034 3172 aute
1070 3119 1205 3170 mortem
1243 3115 1406 3172 testatoris
1449 3109 1605 3183 legatarii
1697 3153 1699 3172 Ι

258 3190 437 3248 necessaria
458 3197 544 3252 sunt:
568 3198 602 3251 ut
616 3197 767 3268 gravatus
788 3195 832 3251 sit
852 3193 904 3250 be·
957 3209 1025 3250 esse
1046 3191 1202 3262 desierit,
1224 3195 1256 3250 et
1276 3191 1371 3251 desiit
1399 3192 1461 3272 (Ex
1484 3192 1520 3251 L.
1546 3189 1601 3260 43,
1697 3199 1699 3216 ²

258 3287 310 3329 res
330 3287 369 3328 ex
391 3277 581 3330 testamento
603 3271 688 3352 (Art.
711 3269 796 3349 896),
811 3276 904 3346 utque
956 3271 1019 3346 51,
1036 3269 1145 3350 sou).
1697 3289 1699 3346 3

258 3351 373 3409 iussos
395 3349 492 3410 fuerit
506 3351 713 3411 hereditatem
735 3352 905 3411 restituere
1015 3351 1062 3432 (5)
1082 3353 1116 3412 G.
1135 3351 1190 3422 lt,
1207 3349 1278 3411 837.
1302 3349 1433 3428 Nempe,
1457 3351 1485 3409 is
1506 3367 1526 3408 a
1548 3366 1604 3424 quo
1697 3371 1699 3420 ς

258 3429 319 3506 (Ex
341 3431 396 3490 eit.
425 3435 511 3503 Ant,
539 3431 645 3502 Zaoh.,
667 3433 686 3506 5
710 3432 783 3504 694,
799 3449 850 3490 nn.
870 3431 902 3500 6,
957 3429 1082 3507 legatur
1093 3431 1218 3508 cogitur
1228 3447 1295 3489 earn
1308 3429 1464 3490 redimere
1475 3434 1508 3490 et
1518 3445 1606 3506 praa·
1697 3449 1699 3494 t

260 3507 322 3590 16).
340 3511 435 3570 Seeus
449 3529 487 3568 ex
510 3510 578 3570 iure
592 3515 699 3570 nostro
714 3511 799 3590 (Art.
817 3499 901 3588 899).
956 3514 1060 3583 stare3
1076 3510 1140 3582 vel,
1157 3511 1184 3568 si
1200 3529 1258 3569 non
1274 3515 1377 3587 potest
1389 3528 1459 3570 eam
1474 3510 1603 3568 redime·
1698 3563 1699 3570 ,

332 3589 384 3669 35)
400 3591 434 3652 G.
452 3592 506 3662 It.,
523 3589 593 3662 832,
610 3590 680 3651 902.
958 3607 1003 3659 re,
1020 3591 1272 3650 aestimationem
1294 3591 1361 3649 eius
1374 3592 1450 3650 dare
1464 3589 1498 3669 (ἓ
1512 3593 1544 3660 4,
1561 3589 1604 3649 De
1697 3649 1699 3666 ,

334 3667 365 3747 l)
385 3672 432 3730 lix
454 3689 502 3748 pr.
519 3671 609 3741 inst,
627 3671 673 3730 De
687 3671 829 3746 Lepatts.
846 3669 905 3728 Le·
956 3668 1095 3748 Lepet).
1106 3669 1184 3736 Quid
1197 3669 1225 3727 si
1241 3669 1327 3730 laeta
1339 3669 1402 3730 iam
1414 3669 1606 3746 sueritlega·
1697 3707 1699 3738 s

260 3751 330 3824 gari
353 3753 455 3810 eutem
471 3757 573 3827 potest
594 3751 704 3810 nedum
718 3753 756 3809 ab
778 3751 903 3821 herede,
957 3751 1036 3809 tarii
1056 3768 1115 3826 quo
1135 3755 1276 3825 tempore
1290 3753 1428 3809 testator
1450 3747 1605 3810 morituri

260 3829 311 3887 sed
333 3839 365 3889 et
379 3847 398 3886 a
419 3830 587 3906 legatario,
604 3833 674 3888 dum
697 3849 734 3888 ne
748 3831 817 3906 quis
835 3830 905 3906 plus
957 3829 1080 3905 Regula
1101 3829 1179 3888 iuris
1197 3834 1257 3902 est,
1274 3830 1341 3888 duo
1356 3847 1481 3889 causae
1499 3827 1606 3887 luere·
1698 3869 1699 3888 .

259 3914 406 3968 oneretur
420 3927 510 3985 quam
527 3911 588 3969 luit
602 3911 772 3971 honoratus
786 3910 863 3990 (LL.
874 3908 902 3980 l,
958 3911 1044 3968 tivae
1060 3913 1098 3968 in
1110 3909 1259 3968 eamdem
1271 3927 1352 3979 rem,
1364 3918 1396 3970 et
1406 3912 1443 3968 in
1456 3909 1605 3968 eamdem
1697 3945 1699 3970 1

259 3985 289 4056 2,
307 3991 340 4046 6.
363 3989 485 4052 Comm.
502 3991 549 4050 De
571 3991 698 4064 tepar.,·
713 3993 751 4050 V.
770 3992 804 4052 G.
829 3991 902 4060 Au,
954 4007 1135 4064 personam
1151 4005 1350 4049 concurrere
1374 4009 1445 4049 oon
1467 3993 1607 4066 poseant

260 4065 344 4144 650).
362 4069 461 4128 Porro
486 4071 514 4130 si
541 4071 610 4146 quis
640 4072 745 4146 plures
777 4071 906 4129 heredes
957 4069 989 4147 (ἓ
1002 4071 1033 4142 6,
1051 4069 1097 4130 De
1108 4071 1324 4144 teporata.
1341 4069 1524 4144 Au.,ool);
1541 4071 1605 4130 ideo
1697 4089 1699 4112 ³

260 4147 438 4222 reliquerit,
461 4153 553 4210 et·ab
574 4151 713 4210 omnibus
735 4150 903 4227 legaverit,
956 4149 985 4208 si
1005 4167 1074 4207 eam
1095 4149 1266 4226 aequisivit
1286 4168 1326 4209 ex
1348 4167 1443 4211 eausa
1463 4167 1604 4218 onerosa,
1697 4171 1699 4230 3

261 4241 293 4282 v.
310 4244 351 4297 c.,
368 4234 490 4288 eentum
515 4229 597 4300 Seio,
621 4231 749 4306 quisque
770 4247 825 4306 pro
850 4245 906 4288 sua
958 4229 1098 4305 legatum
1126 4229 1230 4302 valet3
1253 4229 1301 4288 ain
1322 4247 1364 4288 ex
1392 4247 1486 4290 eausa
1507 4230 1607 4290 luera·
1697 4231 1699 4280 l

261 4310 352 4378 parte
382 4307 585 4380 hereditaria,
616 4327 674 4368 uon
700 4310 835 4382 viritim,
858 4313 906 4370 te·
958 4307 1039 4380 tiva,
1062 4327 1121 4368 non
1144 4309 1221 4369 item
1241 4309 1606 4388 (O.1t.‚A.8l3).lure
1696 4295 1699 4360 ,j

261 4384 387 4444 nebitur
401 4385 451 4464 (L.
470 4388 519 4460 17,
532 4389 578 4448 De
594 4391 689 4449 duod.
707 4391 834 4459 reteri).
847 4388 903 4460 It.,
958 4387 1042 4448 Gall.
1056 4389 1108 4468 (A.
1124 4387 1274 4468 1021)‚et
1289 4391 1349 4450 Au.
1363 4389 1507 4470 (1662),
1525 4389 1607 4465 laga-

262 4459 339 4535 8683
356 4467 429 4536 Aa,
444 4464 529 4545 649).
958 4473 1024 4528 tum
1036 4467 1084 4527 rei
1106 4468 1229 4529 alienae
1243 4470 1362 4532 nullius
1377 4471 1527 4532 momenti
1547 4473 1604 4528 eat

321 4543 400 4622 (2)§
423 4546 454 4619 4,
480 4546 527 4607 De
552 4549 661 4623 Legat.
687 4548 903 4620 Quamobrem,
1019 4546 1066 4628 (6)
1081 4549 1115 4612 G.
1133 4549 1188 4622 lt,
1205 4551 1277 4612 837.
