3404 5126
274 225 340 294 tat
385 249 476 294 araon
500 247 841 293 1u.·-raacr.u.r1r.
859 247 905 292 ur.
921 247 960 292 oc
977 245 1119 308 turcana,
1135 247 1173 291 nr
1191 245 1414 292 uesrrrorrorut
1426 245 1496 290 arc.

273 353 421 418 osteum
437 347 606 434 occidere,
621 348 700 440 quia
716 345 916 438 provocatio
934 367 1004 417 non
1020 349 1080 417 dat
1095 347 1126 416 ei
1144 368 1200 417 mc
1216 345 1440 420 interimendi
1456 346 1511 414 ius
1524 347 1611 433 (15).
1680 409 1684 470 Ι

276 459 435 539 Domum,
462 454 524 540 5⁰,
549 453 662 544 quoad
686 453 841 547 modom,
868 473 1008 524 necesse
1034 459 1097 541 est,
1125 459 1165 522 ut
1193 461 1353 522 servetur
1387 453 1615 522 moderamen
1682 479 1684 540 ξ

275 559 471 652 inculpatae
494 561 624 630 tutelae
643 562 725 650 (14);
752 561 852 645 idest,
878 567 918 628 ut
941 562 1072 630 malum
1097 561 1295 632 huiusmodi
1318 560 1385 630 alia
1408 560 1468 630 via
1491 561 1612 630 caveri
1681 569 1684 616 l

272 673 424 756 nequeat
441 668 523 756 (ld):
550 667 626 737 ideo
650 687 729 736 reus
752 673 806 736 est
828 664 1017 752 homicidii,
1047 667 1108 753 l⁰.,
1133 667 1192 758 qui
1209 671 1345 756 poterat
1362 673 1541 736 certamen
1559 665 1612 734 vi·
1680 683 1684 766 3

273 777 361 857 tare,
388 793 423 842 v.
449 794 496 859 e.,
514 773 665 858 latendo,
688 771 851 862 fugiendo
867 779 934 842 etc.
956 773 1039 860 (ld),
1057 772 1244 842 dummodo
1261 772 1336 842 sine
1350 771 1506 861 periculo
1524 773 1610 860 (17),
1678 769 1684 892 (

273 885 310 947 et
335 881 436 966 (lorte
460 881 559 949 miles
582 886 644 948 aut
667 879 722 948 vir
745 879 886 966 nobilia,
919 901 989 950 non
1013 887 1133 950 tamen
1161 880 1317 966 clericus)
1354 881 1430 949 sine
1462 879 1613 968 ignomi·
1680 893 1684 952 l

273 983 332 1054 nia
351 985 418 1073 (l8)
445 987 563 1074 lugere
587 985 772 1074 potuisset:
799 993 835 1054 et
858 986 930 1077 qui,
956 987 1019 1072 2⁰,
1054 1005 1090 1056 se
1122 985 1338 1056 defendendo
1372 987 1450 1076 plus
1478 985 1611 1070 nocuit,
1675 980 1680 989 ’

273 1113 378 1183 quam
402 1113 488 1183 opus
510 1094 624 1162 iuerat
642 1094 723 1180 (19).
750 1095 854 1178 Quin,
872 1093 935 1178 5⁰,
954 1093 1130 1164 homicidii
1155 1113 1234 1164 reus
1249 1100 1302 1163 est
1316 1114 1435 1164 coram
1453 1100 1536 1178 Deo,
1554 1094 1612 1185 qui

273 1199 472 1270 invasorem
496 1200 623 1270 occidit
646 1201 777 1270 directa
801 1199 997 1270 intentione
1021 1200 1200 1270 occidendi
1228 1205 1275 1288 (v.
1295 1222 1341 1286 e,
1359 1200 1423 1270 sibi
1442 1201 1531 1270 iorte
1549 1201 1612 1268 ini-

172 1319 175 1324 ·
275 1305 531 1394 micissimum),
557 1307 719 1397 quamvis
741 1306 949 1376 necessitate
981 1309 1178 1396 compulsus
1210 1307 1375 1412 occiderit
1400 1307 1483 1394 (20).
1516 1307 1608 1392 Plus;

275 1412 340 1482 etsi
364 1413 453 1482 iorte
478 1433 538 1500 per
561 1431 597 1482 se
621 1431 692 1482 non
717 1413 763 1482 sit
787 1413 928 1496 iniusta,
954 1418 991 1480 at
1014 1413 1051 1480 iu
1067 1414 1165 1501 praxi
1183 1413 1301 1482 illicita
1317 1411 1545 1503 proculdubio
1561 1417 1610 1480 est

272 1519 427 1588 defensio
450 1516 660 1607 huiusmodi,
686 1519 821 1609 quoties
844 1519 996 1608 periculo
1021 1517 1300 1590 hallucinationis
1316 1539 1386 1588 non
1404 1525 1510 1587 vacat
1528 1517 1607 1605 (21).

274 1627 318 1693 lt
348 1624 487 1716 quando
520 1645 581 1712 pro
613 1645 650 1694 se
684 1625 778 1694 licita
808 1626 910 1708 toret,
946 1644 1007 1712 pro
1031 1624 1107 1693 aliis
1130 1643 1266 1716 quoque
1289 1623 1429 1693 tuendis
1452 1625 1539 1712 (non
1563 1631 1611 1691 ta-

272 1751 354 1800 men
387 1729 520 1818 invitis)
554 1730 686 1800 licitam
719 1751 793 1800 esse
824 1735 964 1819 propter
985 1749 1066 1818 erga
1090 1730 1289 1820 proximum
1313 1730 1501 1798 caritatem
1526 1729 1605 1816 (22),

273 1838 388 1930 palam
411 1843 474 1908 est.

332 1944 409 2014 284.
436 1943 630 2013 Homicidio
653 1945 811 2032 proxime
833 1944 968 2014 accedit
991 1944 1131 2014 abortus
1154 1945 1373 2014 voluntarius
1397 1945 1510 2028 letus,
1536 1943 1606 2012 sive

273 2049 433 2134 animati,
458 2049 549 2140 quod
572 2071 697 2119 verum
722 2050 949 2120 homicidium
984 2052 1102 2138 (Prot,
1128 2051 1242 2134 ἓ421,
1261 2072 1296 2118 n.
1318 2051 1362 2138 1),
1392 2051 1469 2120 sire
1500 2048 1604 2118 inani-

273 2155 372 2242 mati,
396 2155 488 2246 quod
511 2154 622 2225 instar
644 2155 821 2225 homicidii
846 2163 900 2226 est
916 2158 998 2246 (25):
1025 2163 1067 2225 et
1091 2163 1277 2246 utrumque
1308 2163 1361 2225 est
1391 2156 1525 2226 malum
1552 2174 1605 2222 na·

271 2269 351 2333 tura
368 2265 449 2353 (24).
477 2265 599 2332 Utrum
623 2262 728 2352 igitur
751 2263 936 2354 aliquando
960 2264 1096 2333 licitum
1120 2265 1177 2348 sit,
1203 2269 1322 2333 utrum
1347 2269 1507 2353 oporteat
1537 2262 1599 2332 alti

273 2393 365 2462 gere,
392 2392 517 2442 necare
541 2373 652 2440 letum
678 2372 721 2442 ad
744 2371 950 2442 salvandum
974 2372 1085 2442 vitam
1111 2372 1244 2457 matris,
1279 2393 1367 2464 quae
1400 2381 1463 2442 aut
1491 2371 1604 2442 morbo

272 2479 367 2549 letali
390 2479 535 2562 laborat,
562 2484 623 2546 aut
646 2500 766 2568 parere
791 2477 923 2570 nequit,
950 2478 978 2547 si
1002 2477 1086 2548 alias
1109 2487 1145 2549 et
1167 2481 1232 2548 sihi
1256 2488 1291 2550 et
1305 2479 1377 2550 tilio
1391 2481 1603 2570 pereundum

274 2587 343 2656 sita
366 2591 470 2654 Porro
494 2585 560 2654 hoc
584 2584 657 2654 fieri
681 2591 796 2675 potest
820 2587 876 2654 vel
899 2586 1030 2672 directa
1053 2587 1282 2673 actione,‚uel
1306 2588 1487 2658 indirecta.
1520 2589 1603 2658 Dira

272 2698 341 2776 cta,
367 2713 402 2762 v.
429 2711 475 2776 e,
500 2691 729 2761 craniotomia
754 2693 827 2781 (scu
852 2691 1131 2782 embryotomia),
1150 2693 1206 2763 vel
1230 2693 1476 2764 dilaceratione
1500 2695 1601 2780 uteri,

273 2798 383 2868 immo
406 2797 528 2866 abortu
545 2797 630 2886 ipso,
648 2797 781 2888 siquae
804 2798 1014 2867 adhibentur
1030 2798 1064 2866 vi
1081 2819 1142 2868 sua
1165 2806 1202 2869 et
1216 2799 1411 2870 necessario
1426 2801 1540 2870 letum
1554 2801 1603 2869 ao

335 3071 401 3154 (13)
423 3075 518 3148 Lugo,
542 3073 582 3143 X,
608 3069 675 3132 101.
699 3073 790 3131 Licet
816 3072 915 3147 igitur
1028 3072 1095 3152 (20)
1117 3075 1153 3132 D.
1178 3074 1249 3144 Th..
1272 3073 1303 3145 2,
1326 3074 1356 3144 2,
1380 3073 1431 3143 64,
1455 3076 1487 3134 7.

273 3161 305 3214 et
326 3153 469 3212 adultero
491 3151 649 3222 emerito,
667 3158 699 3211 et
713 3153 743 3210 ei
757 3153 810 3226 qui
825 3153 914 3212 rixae
1029 3151 1095 3232 (21)
1124 3153 1156 3212 S.
1183 3153 1289 3230 alpia,
1321 3155 1374 3226 lv,
1402 3153 1475 3215 279.
1504 3157 1545 3214 V.
1567 3173 1602 3224 e,

274 3251 397 3293 causam
419 3231 504 3290 dedit
525 3233 564 3290 ab
577 3249 613 3290 eo
627 3249 727 3306 quem,
745 3249 771 3290 ε.
784 3249 828 3307 g.,
845 3249 913 3307 per·
969 3235 1108 3292 occidere
1139 3233 1237 3292 falsos
1267 3240 1481 3303 accusatores,
1515 3235 1604 3294 falsos

273 3313 382 3382 cussit,
406 3329 439 3369 se
460 3311 543 3371 tueri
564 3311 616 3370 vel
631 3312 805 3382 occidendo,
824 3329 860 3371 ne
876 3314 913 3370 ab
968 3317 1077 3385 testea,
1111 3313 1162 3370 vel
1193 3313 1336 3385 indicem,
1366 3331 1385 3370 a
1414 3333 1473 3389 quo
1505 3315 1604 3388 iniqua

272 3393 339 3469 ipso
353 3392 513 3450 occidatur
533 3390 650 3472 (uolt,
667 3393 720 3452 Το.
735 3391 789 3461 IV,
808 3393 844 3452 D.
861 3392 911 3462 813
969 3397 1054 3453 certo
1087 3392 1229 3452 imminet
1260 3391 1426 3465 sententian
1460 3393 1524 3454 etsi
1554 3412 1602 3452 noo

272 3474 373 3544 Lesa,
397 3471 438 3544 11,
461 3471 491 3542 9,
516 3471 585 3544 loo,
607 3471 705 3548 Lago,
728 3473 785 3544 Xl,
808 3469 870 3548 56).
968 3474 1066 3548 possit
1076 3473 1141 3530 alia
1157 3473 1209 3532 via
1223 3473 1366 3531 damnum
1383 3474 1481 3534 vitari
1502 3473 1602 3554 (Alex.

333 3553 386 3632 (14
420 3553 454 3611 0.
481 3551 528 3622 18,
553 3551 599 3611 De
620 3551 738 3610 nomio.
967 3551 1040 3625 Vll,
1059 3551 1119 3630 18).
1138 3553 1203 3612 Hac
1219 3571 1263 3621 re,
1280 3555 1340 3614 etsi
1357 3554 1454 3613 liceat
1467 3555 1601 3612 occidero

333 3633 387 3712 (15
421 3633 457 3690 L.
482 3633 531 3704 46,
556 3633 575 3707 ᾗ
602 3631 666 3694 Oui
686 3649 774 3701 eum,
799 3632 853 3691 Aa
872 3633 910 3691 L.
968 3633 1005 3691 ad
1041 3633 1184 3692 tuendam
1223 3650 1287 3691 rem
1330 3633 1536 3704 familiarem,
1569 3634 1600 3690 ad

272 3713 389 3790 Aqult.
968 3712 1082 3770 famam
1115 3715 1258 3772 tuendam
1284 3714 1444 3784 nonlicet3
1468 3713 1603 3788 quamvis

332 3790 398 3874 (16)
418 3792 516 3867 Lugo,
541 3793 581 3862 X,
614 3792 681 3852 170.
713 3791 783 3862 Sed,
814 3793 912 3867 quoad
968 3791 1099 3850 infamia
1114 3793 1210 3852 aliter
1226 3794 1324 3852 vitari
1340 3801 1472 3868 nequeat
1486 3793 1597 3874 (Innoc.

272 3874 459 3942 invasorem,
477 3872 726 3944 caritatem,non
743 3871 909 3942 iustitiam,
968 3871 1023 3941 XI,
1050 3873 1098 3942 17,
1122 3871 1184 3949 30).

271 3950 369 4013 laedit
390 3952 503 4030 (Lesa,
526 3951 568 4024 11,
594 3947 641 4026 ll,
665 3955 715 4023 44,
732 3953 782 4020 58;
797 3952 909 4023 Salm,
1026 3951 1091 4030 (22)
1114 3953 1224 4024 Salm,
1248 3953 1299 4026 25,
1324 3953 1353 4024 1,
1376 3955 1428 4024 973
1446 3954 1479 4013 S.
1498 3953 1599 4028 Alpi..

272 4033 321 4105 13,
343 4034 374 4105 2,
397 4030 460 4111 97)
484 4034 629 4106 numquid
651 4033 733 4091 onim
754 4034 784 4091 ei
800 4031 849 4090 ius
863 4039 912 4090 est
967 4031 1025 4104 III,
1049 4033 1119 4093 391.
1145 4035 1188 4092 At
1210 4033 1348 4110 proiecto
1362 4033 1449 4112 (quia
1466 4033 1523 4091 vix
1538 4047 1600 4108 gra·
1682 4077 1683 4080 .

270 4112 345 4193 (nisi
368 4113 451 4172 t'orte
471 4129 544 4170 suae
566 4113 680 4173 mentis
695 4129 753 4171 uon
768 4110 836 4191 sit),
853 4129 912 4188 quo
966 4113 1057 4171 uibus
1078 4119 1166 4172 caret
1186 4114 1389 4173 incommodis
1402 4113 1440 4171 ad
1456 4129 1535 4187 quae
1549 4127 1586 4169 nor

271 4211 329 4270 ego
352 4210 446 4268 cogar
468 4191 587 4267 lugere,
611 4192 731 4252 lateret
967 4192 1087 4269 obligat
1109 4191 1238 4270 caritas)
1266 4212 1325 4252 non
1359 4205 1407 4253 est
1435 4189 1586 4253 necessari

331 4270 384 4349 (17
419 4273 452 4332 S.
476 4270 584 4346 Alpa..
608 4271 665 4344 lll,
688 4271 759 4340 381,
783 4273 813 4332 3.
965 4275 1013 4354 (S.
1038 4273 1147 4348 Alpa,
1171 4271 1255 4348 390).

331 4351 384 4431 (18
418 4353 542 4427 Laym,
567 4351 623 4423 111,
646 4354 682 4424 23
716 4353 791 4428 ibiq.
816 4353 909 4426 Soto;
1026 4353 1091 4432 (23)
1112 4353 1145 4413 O.
1170 4352 1200 4424 5,
1224 4353 1272 4413 De
1293 4354 1427 4420 torru'c.,·
1448 4354 1481 4413 S.
1500 4351 1582 4429 Alpa.

270 4434 382 4506 vasa,
404 4433 556 4502 Navarra
581 4433 676 4508 Lago,
701 4434 741 4504 X,
760 4431 828 4493 166.
967 4433 1023 4504 111,
1047 4435 1118 4494 394.

331 4513 396 4593 (19)
417 4513 451 4648 Gl.
477 4511 525 4582 18,
548 4511 595 4572 De
616 4513 716 4583 homa
737 4514 774 4574 L.
799 4513 835 4585 5,
859 4513 912 4572 Ad
1027 4512 1093 4594 (24)
1113 4515 1206 4574 Pout.
1231 4515 1289 4584 M,
1315 4515 1356 4586 X,
1379 4513 1429 4585 13,
1448 4513 1478 4574 2.

270 4593 310 4653 L.
333 4594 447 4670 Aqui.
