3404 5126
7 515 16 638 i

7 1105 11 1182 l

162 367 234 414 car.
253 367 275 413 1.
294 369 334 413 nn
350 367 449 414 inrue.
468 367 551 424 oum.
571 369 728 415 nannum.
743 369 785 414 ea
801 367 884 424 (una
900 368 931 414 ru
948 369 1044 414 narn.
1064 369 1180 415 uosrno
1197 369 1275 416 suar
1321 348 1386 416 aot

54 476 164 554 sonim·
188 492 327 564 nempe,
351 471 405 540 cel
427 471 551 562 quibus
581 471 736 560 iuratur;
762 476 798 540 et
820 471 886 540 hoc
909 471 1084 541 aestimari
1108 478 1244 561 oportet
1266 495 1311 543 ex
1334 495 1392 542 cu-

54 577 171 668 iusque
192 575 345 665 ingenio,
371 576 537 664 moribuS,
563 575 796 664 facultatibus,
815 583 851 646 et
875 577 907 646 id
931 597 1039 666 genus
1062 575 1202 648 ceteris:
1227 579 1282 648 vel
1304 599 1392 668 quae

55 686 225 770 iurantur,
239 684 268 753 si
291 683 334 754 ad
356 683 470 772 ipsum
493 685 672 773 pertinent
694 703 831 774 quoquo
855 683 974 770 modo;
1001 704 1083 752 narn
1106 683 1252 776 quisque
1275 683 1392 754 minus

55 792 182 860 invitus
205 789 438 880 praesumitur
460 789 573 881 quoad
595 809 754 876 uxorem,
772 809 877 881 quarn
900 789 1012 880 quoad
1035 791 1171 874 liberm,
1190 782 1392 879 praesertim

53 897 78 966 si
99 897 184 965 baec
218 895 308 984 frugi
332 896 390 980 sit,
416 901 452 964 et
474 895 625 986 prudens
661 894 922 964 materfamilias
948 895 1033 984 (ld),
1060 895 1176 964 minus
1210 895 1323 986 quoad
1353 896 1392 964 li-

53 1003 159 1086 beros,
184 1022 291 1094 quarn
325 1002 438 1094 quoad
462 1001 622 1086 famulos,
648 1005 851 1091 praesertim
886 1001 914 1070 si
938 1001 1036 1070 liberi
1062 1001 1130 1070 iam
1160 1001 1389 1090 adoleverint,
1424 1018 1427 1026 ’

53 1113 84 1180 et
105 1109 141 1179 in
164 1129 249 1188 usus
272 1129 343 1178 non
368 1115 484 1198 turpes
506 1109 712 1198 impendant
727 1109 816 1198 (19);
842 1127 882 1176 ac
906 1107 1047 1176 demum
1072 1107 1188 1176 minus
1211 1109 1324 1200 quoad
1339 1110 1389 1178 ia·

53 1219 170 1302 mulos,
193 1235 302 1308 quam
324 1217 437 1307 quoad
467 1221 654 1284 extraneos
678 1216 766 1304 (20),
794 1216 913 1300 irnmo,
938 1215 1051 1306 quoad
1081 1215 1278 1300 esculenta,
1303 1235 1392 1306 quae

54 1328 148 1392 caute
171 1320 306 1391 servari
340 1343 411 1391 non
446 1322 570 1406 solent,
598 1321 718 1390 lamuli
753 1343 933 1412 nunquam
957 1327 1105 1411 peccant
1135 1322 1289 1410 graviter
1312 1321 1391 1410 (nisi

7 1487 8 1490 ,
53 1430 135 1498 lorte
157 1429 333 1518 accipiant
354 1430 391 1496 in
407 1427 604 1520 quantitate
628 1428 916 1514 extraordinaria,
935 1436 997 1496 aut
1019 1432 1105 1497 haec
1128 1427 1199 1497 sint
1213 1429 1314 1518 pretii
1332 1451 1391 1498 ex-

7 1547 9 1612 ῗ
53 1534 300 1623 traordinarii);
331 1533 517 1604 dummodo
553 1534 596 1603 ad
630 1533 882 1604 comedendum
916 1535 1102 1622 accipiant,
1129 1552 1199 1604 non
1235 1541 1274 1604 ut
1308 1535 1392 1604 dent

7 1671 9 1720 3
54 1640 134 1725 aliis,
160 1645 223 1710 aut
257 1639 413 1709 vendant
437 1640 517 1728 (21).
544 1641 686 1720 Quoties
720 1639 825 1729 igitur
846 1639 1007 1709 dominus
1042 1639 1174 1708 invitus
1204 1645 1257 1708 est
1279 1639 1391 1732 quoad

54 1747 189 1816 modum
214 1752 366 1831 tantum,
392 1748 526 1816 lurtum
550 1745 627 1816 leve
650 1745 853 1836 intelligitur
878 1749 960 1836 (22).

104 1853 181 1922 255.
213 1852 335 1936 Quoad
365 1872 420 1918 rea
445 1853 545 1942 (quae
569 1853 756 1939 iurantur),
782 1853 904 1921 maiori
940 1851 1135 1943 quantitate
1159 1870 1244 1940 opus
1278 1851 1391 1920 estin

52 1959 146 2030 furtis
169 1980 289 2029 rerum
325 1959 581 2046 expositarum;
607 1965 646 2027 ut
668 1965 751 2029 sunt
773 1960 907 2029 tructus
931 1959 1028 2028 iuxta
1065 1958 1151 2044 siaa,
1179 1963 1214 2026 et
1236 1957 1328 2046 ligna
1351 1958 1389 2027 in

7 2055 9 2142 ξ
51 2063 139 2135 silvis
161 2066 244 2154 (25).
272 2069 315 2134 Et
336 2065 449 2155 quoad
473 2067 618 2150 tructus,
644 2063 817 2154 probabile
840 2069 905 2150 est,
932 2065 1083 2133 viatores
1118 2063 1203 2133 nihil
1227 2083 1384 2153 peccare,

51 2168 77 2236 si
97 2169 274 2239 modicum
297 2169 439 2260 aliquid,
466 2189 499 2236 v.
527 2189 574 2254 o.,
599 2190 710 2238 unum
735 2171 791 2239 vel
814 2170 962 2240 alterurn
986 2191 1076 2239 uvae
1111 2190 1301 2254 racemum,
1328 2173 1390 2238 aut

53 2294 187 2364 pomum
211 2275 448 2364 decerpserint
476 2275 679 2346 comedendi
714 2295 818 2346 causa
843 2279 928 2366 (24),
954 2297 1019 2346 nec
1051 2297 1193 2366 peceare
1224 2273 1388 2364 graviter,

7 2365 9 2458 f
52 2379 77 2449 si
97 2401 205 2472 usque
228 2381 275 2452 ad
297 2381 495 2451 satietatem
518 2383 745 2468 comederint,
763 2383 950 2452 dummodo
973 2381 1060 2452 nihil
1082 2381 1289 2452 abstulerint
1304 2381 1385 2471 (25).

7 2567 8 2572 ἵ
52 2489 162 2571 Quoad
186 2487 282 2577 ligna
306 2509 389 2558 vero
412 2510 500 2581 quae
524 2490 719 2559 caeduntur
739 2491 778 2560 in
802 2491 910 2576 silvis,
935 2490 1095 2560 intererit
1117 2497 1237 2560 utrum
1260 2491 1297 2559 in
1328 2511 1389 2580 pu·

52 2595 139 2668 blicis
161 2597 367 2682 caedantur,
384 2619 430 2667 an
454 2599 491 2666 in
514 2597 670 2687 privatis,
690 2597 723 2668 Si
747 2599 784 2668 in
808 2599 964 2689 publicio,
983 2621 1108 2690 nempe
1124 2598 1281 2689 propriae
1304 2597 1386 2666 Uni-

52 2704 233 2790 versitatis,
251 2710 313 2774 aut
335 2703 553 2789 limitrophae
578 2703 648 2792 (ubi
671 2705 890 2796 limitrophae
914 2709 1108 2798 promiscue
1132 2708 1305 2795 utuntur),
1323 2727 1389 2776 nec

7 2879 9 2916 z
51 2810 144 2881 alicui
170 2813 308 2902 privato
344 2811 496 2897 elocatis,
528 2833 599 2882 non
635 2819 688 2881 est
716 2833 822 2902 grave
857 2815 1000 2883 caedere
1034 2813 1125 2902 ligna
1161 2813 1227 2882 nisi
1251 2831 1389 2900 arapha

7 2919 9 2956 ³
52 2919 159 2990 alodes
184 2922 287 3010 (quae
311 2941 436 3010 nempe
461 2941 626 3009 magnum
650 2923 894 2990 communitati
919 2923 1085 2992 damnum
1113 2921 1253 3010 inierat)
1278 2923 1389 3011 liparo·

7 3043 9 3092 :
51 3043 126 3093 ram
149 3028 217 3118 fiat
243 3026 323 3115 (26).
350 3033 389 3096 ln
413 3025 569 3117 privatio,
596 3030 657 3096 aut
690 3027 799 3138 omni,
825 3031 886 3096 aut
914 3029 1037 3097 saltem
1072 3029 1169 3118 gravi
1193 3031 1293 3119 culpa
1328 3049 1388 3098 va-

7 3173 8 3198 ³
85 3187 150 3268 (18)
172 3189 211 3250 V.
236 3189 397 3267 Lugo,De
418 3188 542 3261 Iastia,
562 3189 691 3262 xv1‚a
745 3191 832 3252 ultra
852 3191 1045 3252 voluntatem
1065 3193 1193 3265 domini,
1210 3192 1242 3251 in
1256 3209 1323 3252 rem
1337 3193 1391 3250 do·
1433 3167 1435 3172 ,

52 3287 79 3329 n.
99 3269 153 3341 643
178 3269 212 3330 S.
238 3271 348 3347 Alph,
371 3269 428 3344 III,
444 3271 514 3332 540.
744 3273 907 3330 masticem
935 3271 1124 3348 impendunt,
1140 3291 1171 3332 v.
1189 3290 1230 3346 c.,
1253 3271 1389 3348 praediis

7 3411 8 3416 ,
86 3347 150 3428 (19)
173 3351 207 3410 S.
224 3350 334 3426 Alpa,
357 3350 414 3424 Ill,
431 3351 499 3412 543.
524 3351 594 3423 Qui,
616 3356 690 3410 tunc
744 3350 956 3423 meliorandis,
973 3352 1080 3428 pecudi
1094 3353 1215 3422 alendo,
1226 3351 1387 3412 dummodo

52 3431 208 3506 temporis,
238 3429 451 3504 existimabat,
472 3433 542 3493 leve
570 3447 648 3502 esse,
671 3446 691 3487 a
744 3448 804 3489 non
825 3431 910 3491 ultra
941 3431 1123 3508 patrimonii
1155 3432 1240 3491 vires
1271 3432 1386 3506 impen-

7 3529 9 3558 ν
51 3513 133 3583 patre
155 3511 272 3583 divite,
287 3511 372 3584 duos,
389 3511 441 3570 vel
462 3517 545 3582 tres3
569 3525 691 3586 aprae·
744 3511 831 3582 daut,
854 3515 887 3570 ot
918 3527 1003 3572 more
1034 3512 1104 3570 boni
1131 3510 1383 3588 patrisfamilias,

7 3657 9 3674 ,
52 3587 155 3663 divite,
183 3591 288 3650 decem
315 3608 432 3650 aureos
459 3589 572 3650 iurari.
595 3589 691 3648 Prae·
744 3590 852 3650 letalis
873 3591 1039 3650 damnandi
1059 3609 1118 3649 non
1139 3599 1227 3662 sunt3
1251 3590 1314 3650 nisi
1337 3591 1388 3648 do·

51 3672 132 3726 tarea
146 3669 341 3745 inspicienda
354 3676 426 3731 sunt
439 3671 608 3730 liberorum
626 3675 691 3729 stu·
744 3671 846 3729 minus
875 3669 1041 3730 manifesto
1072 3671 1103 3730 id
1133 3671 1277 3748 graviter
1304 3667 1389 3728 ierat

7 3749 9 3756 ’
52 3745 110 3820 dia,
132 3761 247 3822 moras,
270 3749 381 3824 officia,
404 3767 558 3812 numerus.
743 3749 807 3832 (of.
823 3749 939 3826 stupf„
956 3749 1063 3827 §4463
1081 3751 1186 3820 Scau,
1203 3747 1244 3821 Il,
1261 3747 1344 3827 794).

87 3825 689 3907 (20)Lugo,xv1,7o;sam.,13‚5,42.
795 3828 861 3909 (23)
890 3829 922 3890 S.
946 3831 1054 3909 Aah,
1081 3830 1138 3904 ΙΙΙ,
1161 3829 1236 3902 529;
1259 3829 1303 3890 Η.
1328 3828 1388 3898 Α.,

51 3905 189 3980 Scilicet,
204 3909 387 3985 perdifficile
409 3915 469 3983 est,
484 3911 531 3970 ita
553 3908 691 3970 fideliter
745 3911 785 3981 X,
808 3911 859 3970 23.

52 4002 98 4045 ras
110 3989 304 4047 dominorum
319 3991 357 4048 ab
370 3990 445 4050 aliis
459 3989 688 4060 administrari,
795 3985 863 4129 (Ι24)
885 3991 918 4050 S.
936 3991 1044 4068 Alph,
1072 3989 1148 4062 5293
1174 3991 1222 4051 Ex
1243 3989 1389 4058 Denter„

7 4137 8 4146 χ
51 4067 119 4139 quin
139 4067 259 4146 aliquid
274 4069 442 4128 adhaereat
463 4069 604 4128 manibus
619 4087 690 4128 oon·
745 4068 803 4130 XX
822 4069 864 4141 ΙΙ,
880 4069 930 4132 24.

51 4147 265 4208 tractantium:
288 4149 356 4208 ideo
376 4148 493 4210 domini
513 4155 568 4208 aut
589 4148 690 4208 minus
808 4149 861 4228 25)
876 4152 908 4210 S.
927 4149 1034 4225 Alph,
1064 4151 1110 4211 H.
1125 4150 1180 4220 A„
1194 4149 1235 4223 Χ,
1251 4148 1303 4212 24.

8 4267 9 4272 .
51 4224 139 4286 inviti
160 4233 245 4302 sunt,
260 4234 314 4288 aut
328 4227 429 4290 minus
443 4227 688 4289 rationabiliter.
794 4147 860 4312 (26)
875 4232 914 4291 V.
932 4230 1017 4301 sm,
1041 4229 1096 4302 tv,
1120 4231 1175 4301 vt,
1198 4231 1228 4288 4.
1252 4229 1386 4289 Proinde

87 4303 135 4384 (21
159 4308 309 4386 S.Alpb.,
322 4308 688 4388 111,545;H.A.,x,134.
744 4321 799 4371 aut
820 4313 985 4384 omittant
1006 4313 1091 4368 certe
1113 4308 1207 4386 gravi
1221 4308 1312 4385 culpa
1332 4327 1387 4368 va·

7 4431 8 4436 .
87 4387 138 4467 (22
173 4388 288 4464 (latet,
305 4389 456 4460 Summa,
477 4391 516 4449 V.
533 4391 691 4461 Furtum,
745 4394 829 4462 cant,
852 4391 905 4466 qui
932 4389 1083 4465 singulas,
1106 4387 1239 4467 singulis
1269 4389 1386 4461 diebus,

7 4483 9 4520 :
51 4480 78 4521 n.
97 4466 134 4540 23
157 4468 309 4542 Navarr„
332 4471 434 4543 XVII,
458 4469 527 4530 138.
545 4468 630 4532 Quos
652 4471 690 4529 in
744 4473 783 4530 ad
814 4488 902 4530 usum
923 4469 1080 4542 familiam
1096 4473 1129 4530 et
1159 4485 1309 4547 pauperes
1334 4469 1387 4544 qui

52 4541 109 4605 hac
126 4557 223 4624 parte
242 4552 396 4618 universi
417 4551 480 4610 ΤΤ.
503 4557 691 4627 sequuntur
743 4552 833 4610 binas
859 4553 1033 4628 praeterea,
1065 4549 1199 4626 singulis
1226 4547 1388 4608 hebdoma-

8 4699 9 4704 ἵ
52 4620 217 4702 (Salm.,n.
232 4629 295 4708 40).
306 4629 507 4707 Ampliuszsi
518 4629 590 4706 quid
599 4647 688 4699 uxor,
743 4631 843 4704 dibus,
870 4631 908 4688 ad
938 4629 1129 4689 vendendum
1155 4627 1296 4690 sarcinas
1321 4643 1389 4686 cae·

53 4703 121 4778 filii,
149 4708 271 4782 famuli,
299 4711 584 4790 administratores,
613 4713 688 4783 etc,
743 4712 820 4771 dunt
840 4709 886 4792 (S.
904 4708 1012 4787 Alpa,
1030 4709 1101 4781 529,
1118 4705 1192 4788 pn).

153 4875 333 4923 b’annmma.
348 4879 494 4924 &motula
510 4879 595 4924 Theoi.
610 4887 680 4922 mor.
694 4877 750 4922 vol.
764 4879 795 4923 11.
1257 4877 1280 4919 ll
