<?xml version="1.0" encoding="UTF-8"?>
<!DOCTYPE html PUBLIC "-//W3C//DTD XHTML 1.0 Transitional//EN"
    "http://www.w3.org/TR/xhtml1/DTD/xhtml1-transitional.dtd">
<html xmlns="http://www.w3.org/1999/xhtml" xml:lang="en" lang="en">
 <head>
  <title>
</title>
<meta http-equiv="Content-Type" content="text/html;charset=utf-8" />
  <meta name='ocr-system' content='tesseract 3.04.00' />
  <meta name='ocr-capabilities' content='ocr_page ocr_carea ocr_par ocr_line ocrx_word'/>
</head>
<body>
  <div class='ocr_page' id='page_1' title='image "./summulatheologi01annigoog_0247.png"; bbox 0 0 3404 5126; ppageno 0'>
   <div class='ocr_carea' id='block_1_1' title="bbox 1 291 1522 2530">
    <p class='ocr_par' dir='ltr' id='par_1_1' title="bbox 1 291 1419 512">
     <span class='ocr_line' id='line_1_1' title="bbox 1 291 1419 390; baseline 0 -30"><span class='ocrx_word' id='word_1_1' title='bbox 1 387 2 390; x_wconf 8' lang='grc' dir='ltr'><strong>Ἴ</strong></span> <span class='ocrx_word' id='word_1_2' title='bbox 193 313 297 366; x_wconf 68' lang='lat' dir='ltr'><strong>canor</strong></span> <span class='ocrx_word' id='word_1_3' title='bbox 314 315 356 360; x_wconf 81' lang='grc' dir='ltr'><strong>ιν.</strong></span> <span class='ocrx_word' id='word_1_4' title='bbox 376 315 416 360; x_wconf 84' lang='lat' dir='ltr'><strong>na</strong></span> <span class='ocrx_word' id='word_1_5' title='bbox 433 313 559 360; x_wconf 75' lang='lat' dir='ltr'><strong>rarusrn</strong></span> <span class='ocrx_word' id='word_1_6' title='bbox 576 313 664 360; x_wconf 69' lang='lat' dir='ltr'><strong>taes.</strong></span> <span class='ocrx_word' id='word_1_7' title='bbox 683 313 794 360; x_wconf 74' lang='lat' dir='ltr'><strong>soson.</strong></span> <span class='ocrx_word' id='word_1_8' title='bbox 813 313 895 370; x_wconf 69' lang='lat' dir='ltr'><strong>ouis</strong></span> <span class='ocrx_word' id='word_1_9' title='bbox 913 316 956 360; x_wconf 73' lang='lat' dir='ltr'><strong>nn</strong></span> <span class='ocrx_word' id='word_1_10' title='bbox 973 312 1099 358; x_wconf 73' lang='lat' dir='ltr'><strong>nuruum</strong></span> <span class='ocrx_word' id='word_1_11' title='bbox 1118 311 1293 358; x_wconf 75' lang='lat' dir='ltr'><strong>rennuens</strong></span> <span class='ocrx_word' id='word_1_12' title='bbox 1352 291 1419 360; x_wconf 69' lang='grc'><strong>845</strong></span> 
     </span>
     <span class='ocr_line' id='line_1_2' title="bbox 1 413 1417 512; baseline -0.004 -23"><span class='ocrx_word' id='word_1_13' title='bbox 1 469 2 479; x_wconf 49' lang='grc'>.</span> <span class='ocrx_word' id='word_1_14' title='bbox 70 418 278 512; x_wconf 83' lang='lat' dir='ltr'><strong>quidquam,</strong></span> <span class='ocrx_word' id='word_1_15' title='bbox 304 437 416 508; x_wconf 86' lang='lat' dir='ltr'><strong>neque</strong></span> <span class='ocrx_word' id='word_1_16' title='bbox 440 421 545 506; x_wconf 81' lang='lat' dir='ltr'><strong>negat</strong></span> <span class='ocrx_word' id='word_1_17' title='bbox 563 417 645 504; x_wconf 71' lang='grc'>(34)</span> <span class='ocrx_word' id='word_1_18' title='bbox 675 436 785 504; x_wconf 84' lang='lat' dir='ltr'><strong>coque</strong></span> <span class='ocrx_word' id='word_1_19' title='bbox 801 415 917 485; x_wconf 91' lang='lat' dir='ltr'><strong>minus</strong></span> <span class='ocrx_word' id='word_1_20' title='bbox 940 414 1109 484; x_wconf 84' lang='lat' dir='ltr'><strong>mentitur</strong></span> <span class='ocrx_word' id='word_1_21' title='bbox 1125 435 1196 484; x_wconf 93' lang='lat' dir='ltr'><strong>non</strong></span> <span class='ocrx_word' id='word_1_22' title='bbox 1214 413 1315 484; x_wconf 87' lang='lat' dir='ltr'><strong>iactis</strong></span> <span class='ocrx_word' id='word_1_23' title='bbox 1333 414 1417 503; x_wconf 74' lang='lat' dir='ltr'><strong>(ab),</strong></span> 
     </span>
    </p>

    <p class='ocr_par' dir='ltr' id='par_1_2' title="bbox 29 517 1421 824">
     <span class='ocr_line' id='line_1_3' title="bbox 29 517 1420 612; baseline -0.004 -17"><span class='ocrx_word' id='word_1_24' title='bbox 29 524 37 536; x_wconf 93' lang='grc'><em>“</em></span> <span class='ocrx_word' id='word_1_25' title='bbox 72 525 152 595; x_wconf 88' lang='lat' dir='ltr'><strong>ideo</strong></span> <span class='ocrx_word' id='word_1_26' title='bbox 176 523 463 610; x_wconf 81' lang='lat' dir='ltr'><strong>dissimulatione,</strong></span> <span class='ocrx_word' id='word_1_27' title='bbox 488 521 704 612; x_wconf 74' lang='lat' dir='ltr'><strong>regulariter,</strong></span> <span class='ocrx_word' id='word_1_28' title='bbox 730 522 810 592; x_wconf 86' lang='lat' dir='ltr'><strong>licet</strong></span> <span class='ocrx_word' id='word_1_29' title='bbox 834 522 897 591; x_wconf 90' lang='lat' dir='ltr'><strong>uti.</strong></span> <span class='ocrx_word' id='word_1_30' title='bbox 924 525 1041 612; x_wconf 83' lang='lat' dir='ltr'><strong>quue</strong></span> <span class='ocrx_word' id='word_1_31' title='bbox 1065 519 1174 608; x_wconf 77' lang='lat' dir='ltr'><strong>magis</strong></span> <span class='ocrx_word' id='word_1_32' title='bbox 1193 517 1275 589; x_wconf 91' lang='lat' dir='ltr'><strong>licet</strong></span> <span class='ocrx_word' id='word_1_33' title='bbox 1290 518 1420 610; x_wconf 89' lang='lat' dir='ltr'><strong>aliquid</strong></span> 
     </span>
     <span class='ocr_line' id='line_1_4' title="bbox 72 625 1421 718; baseline -0.002 -18"><span class='ocrx_word' id='word_1_34' title='bbox 72 632 191 702; x_wconf 85' lang='lat' dir='ltr'><strong>lacere</strong></span> <span class='ocrx_word' id='word_1_35' title='bbox 215 651 298 700; x_wconf 89' lang='lat' dir='ltr'><strong>vere</strong></span> <span class='ocrx_word' id='word_1_36' title='bbox 317 635 358 700; x_wconf 90' lang='lat' dir='ltr'><strong>et</strong></span> <span class='ocrx_word' id='word_1_37' title='bbox 379 651 424 699; x_wconf 83' lang='lat' dir='ltr'><strong>ex</strong></span> <span class='ocrx_word' id='word_1_38' title='bbox 448 630 579 714; x_wconf 89' lang='lat' dir='ltr'><strong>animo,</strong></span> <span class='ocrx_word' id='word_1_39' title='bbox 611 629 655 698; x_wconf 89' lang='lat' dir='ltr'><strong>ad</strong></span> <span class='ocrx_word' id='word_1_40' title='bbox 685 627 930 700; x_wconf 84' lang='lat' dir='ltr'><strong>occultandum</strong></span> <span class='ocrx_word' id='word_1_41' title='bbox 963 627 1010 714; x_wconf 93' lang='lat' dir='ltr'><strong>id,</strong></span> <span class='ocrx_word' id='word_1_42' title='bbox 1034 626 1126 718; x_wconf 88' lang='lat' dir='ltr'><strong>quod</strong></span> <span class='ocrx_word' id='word_1_43' title='bbox 1150 628 1312 696; x_wconf 92' lang='lat' dir='ltr'><strong>volumus</strong></span> <span class='ocrx_word' id='word_1_44' title='bbox 1335 625 1421 697; x_wconf 86' lang='lat' dir='ltr'><strong>alios</strong></span> 
     </span>
     <span class='ocr_line' id='line_1_5' title="bbox 72 735 945 824; baseline -0.005 -19"><span class='ocrx_word' id='word_1_45' title='bbox 72 736 185 805; x_wconf 84' lang='lat' dir='ltr'><strong>latere</strong></span> <span class='ocrx_word' id='word_1_46' title='bbox 204 735 287 824; x_wconf 79' lang='grc'>(36).</span> <span class='ocrx_word' id='word_1_47' title='bbox 394 811 397 816; x_wconf 52' lang='grc'>,</span> <span class='ocrx_word' id='word_1_48' title='bbox 943 765 945 772; x_wconf 55' lang='grc'><strong>’</strong></span> 
     </span>
    </p>

    <p class='ocr_par' dir='ltr' id='par_1_3' title="bbox 135 836 1420 932">
     <span class='ocr_line' id='line_1_6' title="bbox 135 836 1420 932; baseline -0.002 -22"><span class='ocrx_word' id='word_1_49' title='bbox 135 839 215 910; x_wconf 74' lang='grc'><strong>898.</strong></span> <span class='ocrx_word' id='word_1_50' title='bbox 242 845 374 926; x_wconf 81' lang='lat' dir='ltr'><strong>Restat,</strong></span> <span class='ocrx_word' id='word_1_51' title='bbox 391 847 448 927; x_wconf 72' lang='grc' dir='ltr'>ΙΙ,</span> <span class='ocrx_word' id='word_1_52' title='bbox 471 845 511 910; x_wconf 95' lang='lat' dir='ltr'><strong>ut</strong></span> <span class='ocrx_word' id='word_1_53' title='bbox 534 841 726 926; x_wconf 89' lang='lat' dir='ltr'><strong>videamus,</strong></span> <span class='ocrx_word' id='word_1_54' title='bbox 752 840 795 910; x_wconf 88' lang='lat' dir='ltr'><strong>ad</strong></span> <span class='ocrx_word' id='word_1_55' title='bbox 817 839 900 932; x_wconf 90' lang='lat' dir='ltr'><strong>quid</strong></span> <span class='ocrx_word' id='word_1_56' title='bbox 928 843 1102 924; x_wconf 87' lang='lat' dir='ltr'><strong>teneatur,</strong></span> <span class='ocrx_word' id='word_1_57' title='bbox 1129 860 1173 908; x_wconf 87' lang='lat' dir='ltr'><strong>ex</strong></span> <span class='ocrx_word' id='word_1_58' title='bbox 1192 836 1336 922; x_wconf 90' lang='lat' dir='ltr'><strong>iustitia,</strong></span> <span class='ocrx_word' id='word_1_59' title='bbox 1361 837 1420 930; x_wconf 92' lang='lat' dir='ltr'><strong>qui</strong></span> 
     </span>
    </p>

    <p class='ocr_par' dir='ltr' id='par_1_4' title="bbox 1 932 1522 2530">
     <span class='ocr_line' id='line_1_7' title="bbox 3 932 1522 1038; baseline -0.003 -20"><span class='ocrx_word' id='word_1_60' title='bbox 3 932 14 960; x_wconf 59' lang='lat'><em>³</em></span> <span class='ocrx_word' id='word_1_61' title='bbox 71 947 185 1018; x_wconf 91' lang='lat' dir='ltr'><strong>alium</strong></span> <span class='ocrx_word' id='word_1_62' title='bbox 217 972 259 1016; x_wconf 83' lang='lat' dir='ltr'><strong>m</strong></span> <span class='ocrx_word' id='word_1_63' title='bbox 291 971 401 1018; x_wconf 74' lang='lat' dir='ltr'><strong>aaron</strong></span> <span class='ocrx_word' id='word_1_64' title='bbox 430 971 624 1020; x_wconf 72' lang='lat' dir='ltr'><strong>rsnrasnrr.</strong></span> <span class='ocrx_word' id='word_1_65' title='bbox 664 953 706 1018; x_wconf 83' lang='lat' dir='ltr'><strong>Et</strong></span> <span class='ocrx_word' id='word_1_66' title='bbox 732 947 760 1018; x_wconf 91' lang='lat' dir='ltr'><strong>si</strong></span> <span class='ocrx_word' id='word_1_67' title='bbox 784 946 954 1038; x_wconf 87' lang='lat' dir='ltr'><strong>pertrahit</strong></span> <span class='ocrx_word' id='word_1_68' title='bbox 976 945 1146 1016; x_wconf 82' lang='lat' dir='ltr'><strong>scientem</strong></span> <span class='ocrx_word' id='word_1_69' title='bbox 1169 951 1206 1016; x_wconf 89' lang='lat' dir='ltr'><strong>et</strong></span> <span class='ocrx_word' id='word_1_70' title='bbox 1228 945 1419 1032; x_wconf 86' lang='lat' dir='ltr'><strong>volentem,</strong></span> <span class='ocrx_word' id='word_1_71' title='bbox 1519 1031 1522 1038; x_wconf 19' lang='grc' dir='ltr'><em>ι</em></span> 
     </span>
     <span class='ocr_line' id='line_1_8' title="bbox 1 1049 1423 1142; baseline -0.004 -18"><span class='ocrx_word' id='word_1_72' title='bbox 1 1071 3 1101; x_wconf 43' lang='lat' dir='ltr'><strong>J</strong></span> <span class='ocrx_word' id='word_1_73' title='bbox 72 1053 118 1124; x_wconf 92' lang='lat' dir='ltr'><strong>ad</strong></span> <span class='ocrx_word' id='word_1_74' title='bbox 143 1053 233 1122; x_wconf 92' lang='lat' dir='ltr'><strong>nibil</strong></span> <span class='ocrx_word' id='word_1_75' title='bbox 254 1060 396 1124; x_wconf 90' lang='lat' dir='ltr'><strong>tenetur</strong></span> <span class='ocrx_word' id='word_1_76' title='bbox 428 1057 460 1142; x_wconf 69' lang='grc' dir='ltr'><strong>(ἓ</strong></span> <span class='ocrx_word' id='word_1_77' title='bbox 489 1054 568 1140; x_wconf 87' lang='grc'>190,</span> <span class='ocrx_word' id='word_1_78' title='bbox 593 1075 630 1124; x_wconf 92' lang='lat' dir='ltr'><strong>n.</strong></span> <span class='ocrx_word' id='word_1_79' title='bbox 658 1055 728 1142; x_wconf 72' lang='grc'><strong>89).</strong></span> <span class='ocrx_word' id='word_1_80' title='bbox 760 1052 818 1122; x_wconf 91' lang='lat' dir='ltr'><strong>Sin</strong></span> <span class='ocrx_word' id='word_1_81' title='bbox 844 1052 921 1122; x_wconf 95' lang='lat' dir='ltr'><strong>dolo</strong></span> <span class='ocrx_word' id='word_1_82' title='bbox 945 1055 1007 1122; x_wconf 86' lang='lat' dir='ltr'><strong>aut</strong></span> <span class='ocrx_word' id='word_1_83' title='bbox 1031 1051 1066 1120; x_wconf 89' lang='lat' dir='ltr'><strong>vi</strong></span> <span class='ocrx_word' id='word_1_84' title='bbox 1089 1049 1256 1138; x_wconf 85' lang='lat' dir='ltr'><strong>adbibita,</strong></span> <span class='ocrx_word' id='word_1_85' title='bbox 1281 1055 1423 1120; x_wconf 87' lang='lat' dir='ltr'><strong>tenetur</strong></span> 
     </span>
     <span class='ocr_line' id='line_1_9' title="bbox 72 1156 1420 1251; baseline -0.003 -21"><span class='ocrx_word' id='word_1_86' title='bbox 72 1159 197 1230; x_wconf 88' lang='lat' dir='ltr'><strong>omnia</strong></span> <span class='ocrx_word' id='word_1_87' title='bbox 220 1165 348 1229; x_wconf 90' lang='lat' dir='ltr'><strong>damna</strong></span> <span class='ocrx_word' id='word_1_88' title='bbox 371 1159 404 1229; x_wconf 92' lang='lat' dir='ltr'><strong>ei</strong></span> <span class='ocrx_word' id='word_1_89' title='bbox 428 1159 556 1229; x_wconf 91' lang='lat' dir='ltr'><strong>sarcire</strong></span> <span class='ocrx_word' id='word_1_90' title='bbox 576 1160 658 1248; x_wconf 78' lang='grc'>(57),</span> <span class='ocrx_word' id='word_1_91' title='bbox 683 1157 849 1251; x_wconf 88' lang='lat' dir='ltr'><strong>quamdiu</strong></span> <span class='ocrx_word' id='word_1_92' title='bbox 879 1158 981 1228; x_wconf 91' lang='lat' dir='ltr'><strong>durat</strong></span> <span class='ocrx_word' id='word_1_93' title='bbox 1012 1156 1111 1228; x_wconf 90' lang='lat' dir='ltr'><strong>dolus</strong></span> <span class='ocrx_word' id='word_1_94' title='bbox 1141 1163 1202 1224; x_wconf 90' lang='lat' dir='ltr'><strong>aut</strong></span> <span class='ocrx_word' id='word_1_95' title='bbox 1232 1156 1297 1226; x_wconf 88' lang='lat' dir='ltr'><strong>vis.</strong></span> <span class='ocrx_word' id='word_1_96' title='bbox 1334 1160 1420 1226; x_wconf 82' lang='lat' dir='ltr'><strong>Cum</strong></span> 
     </span>
     <span class='ocr_line' id='line_1_10' title="bbox 1 1261 1419 1358; baseline -0.008 -16"><span class='ocrx_word' id='word_1_97' title='bbox 1 1270 2 1342; x_wconf 75' lang='grc' dir='ltr'>ζ</span> <span class='ocrx_word' id='word_1_98' title='bbox 73 1266 164 1335; x_wconf 88' lang='lat' dir='ltr'><strong>baec</strong></span> <span class='ocrx_word' id='word_1_99' title='bbox 188 1265 404 1336; x_wconf 83' lang='lat' dir='ltr'><strong>cessaverint</strong></span> <span class='ocrx_word' id='word_1_100' title='bbox 426 1265 506 1358; x_wconf 91' lang='lat' dir='ltr'><strong>quia</strong></span> <span class='ocrx_word' id='word_1_101' title='bbox 530 1265 704 1355; x_wconf 79' lang='lat' dir='ltr'><strong>integrum</strong></span> <span class='ocrx_word' id='word_1_102' title='bbox 728 1265 828 1336; x_wconf 88' lang='lat' dir='ltr'><strong>alteri</strong></span> <span class='ocrx_word' id='word_1_103' title='bbox 850 1271 904 1334; x_wconf 90' lang='lat' dir='ltr'><strong>est</strong></span> <span class='ocrx_word' id='word_1_104' title='bbox 926 1265 968 1334; x_wconf 92' lang='lat' dir='ltr'><strong>ad</strong></span> <span class='ocrx_word' id='word_1_105' title='bbox 992 1263 1120 1333; x_wconf 94' lang='lat' dir='ltr'><strong>bonam</strong></span> <span class='ocrx_word' id='word_1_106' title='bbox 1144 1264 1278 1351; x_wconf 77' lang='lat' dir='ltr'><strong>frugem</strong></span> <span class='ocrx_word' id='word_1_107' title='bbox 1295 1261 1419 1346; x_wconf 87' lang='lat' dir='ltr'><strong>redire,</strong></span> 
     </span>
     <span class='ocr_line' id='line_1_11' title="bbox 1 1367 1423 1467; baseline -0.005 -24"><span class='ocrx_word' id='word_1_108' title='bbox 1 1462 2 1467; x_wconf 5' lang='grc' dir='ltr'>ἵ</span> <span class='ocrx_word' id='word_1_109' title='bbox 74 1371 104 1442; x_wconf 89' lang='lat' dir='ltr'><strong>si</strong></span> <span class='ocrx_word' id='word_1_110' title='bbox 129 1371 160 1442; x_wconf 91' lang='lat' dir='ltr'><strong>is</strong></span> <span class='ocrx_word' id='word_1_111' title='bbox 182 1379 302 1462; x_wconf 78' lang='lat' dir='ltr'><strong>pergat</strong></span> <span class='ocrx_word' id='word_1_112' title='bbox 325 1372 459 1462; x_wconf 90' lang='lat' dir='ltr'><strong>operari</strong></span> <span class='ocrx_word' id='word_1_113' title='bbox 483 1373 628 1458; x_wconf 90' lang='lat' dir='ltr'><strong>malum,</strong></span> <span class='ocrx_word' id='word_1_114' title='bbox 653 1373 821 1442; x_wconf 92' lang='lat' dir='ltr'><strong>damnum</strong></span> <span class='ocrx_word' id='word_1_115' title='bbox 845 1371 936 1464; x_wconf 89' lang='lat' dir='ltr'><strong>quod</strong></span> <span class='ocrx_word' id='word_1_116' title='bbox 959 1369 1104 1440; x_wconf 88' lang='lat' dir='ltr'><strong>subinde</strong></span> <span class='ocrx_word' id='word_1_117' title='bbox 1128 1368 1259 1459; x_wconf 90' lang='lat' dir='ltr'><strong>patitur</strong></span> <span class='ocrx_word' id='word_1_118' title='bbox 1278 1367 1342 1458; x_wconf 91' lang='lat' dir='ltr'><strong>ipsi</strong></span> <span class='ocrx_word' id='word_1_119' title='bbox 1357 1368 1423 1436; x_wconf 94' lang='lat' dir='ltr'><strong>im·</strong></span> 
     </span>
     <span class='ocr_line' id='line_1_12' title="bbox 74 1475 1422 1571; baseline -0.002 -25"><span class='ocrx_word' id='word_1_120' title='bbox 74 1475 259 1568; x_wconf 86' lang='lat' dir='ltr'><strong>putabitur</strong></span> <span class='ocrx_word' id='word_1_121' title='bbox 278 1477 360 1567; x_wconf 78' lang='grc'>(88).</span> <span class='ocrx_word' id='word_1_122' title='bbox 387 1479 471 1550; x_wconf 83' lang='lat' dir='ltr'><strong>Heio</strong></span> <span class='ocrx_word' id='word_1_123' title='bbox 493 1478 613 1571; x_wconf 90' lang='lat' dir='ltr'><strong>quaeri</strong></span> <span class='ocrx_word' id='word_1_124' title='bbox 637 1485 762 1570; x_wconf 88' lang='lat' dir='ltr'><strong>potest,</strong></span> <span class='ocrx_word' id='word_1_125' title='bbox 788 1478 817 1550; x_wconf 91' lang='lat' dir='ltr'><strong>si</strong></span> <span class='ocrx_word' id='word_1_126' title='bbox 840 1499 921 1547; x_wconf 92' lang='lat' dir='ltr'><strong>eum</strong></span> <span class='ocrx_word' id='word_1_127' title='bbox 953 1479 998 1546; x_wconf 92' lang='lat' dir='ltr'><strong>ab</strong></span> <span class='ocrx_word' id='word_1_128' title='bbox 1027 1475 1189 1546; x_wconf 90' lang='lat' dir='ltr'><strong>Instituto</strong></span> <span class='ocrx_word' id='word_1_129' title='bbox 1219 1475 1334 1566; x_wconf 87' lang='lat' dir='ltr'><strong>aliquo</strong></span> <span class='ocrx_word' id='word_1_130' title='bbox 1358 1479 1422 1544; x_wconf 86' lang='lat' dir='ltr'><strong>lle·</strong></span> 
     </span>
     <span class='ocr_line' id='line_1_13' title="bbox 72 1579 1509 1674; baseline -0.004 -21"><span class='ocrx_word' id='word_1_131' title='bbox 72 1581 189 1674; x_wconf 73' lang='lat' dir='ltr'><strong>gulari</strong></span> <span class='ocrx_word' id='word_1_132' title='bbox 212 1583 367 1671; x_wconf 88' lang='lat' dir='ltr'><strong>deduxit,</strong></span> <span class='ocrx_word' id='word_1_133' title='bbox 391 1599 438 1654; x_wconf 91' lang='lat' dir='ltr'><strong>an</strong></span> <span class='ocrx_word' id='word_1_134' title='bbox 462 1584 543 1654; x_wconf 82' lang='lat' dir='ltr'><strong>bute</strong></span> <span class='ocrx_word' id='word_1_135' title='bbox 576 1591 739 1654; x_wconf 84' lang='lat' dir='ltr'><strong>teneatur</strong></span> <span class='ocrx_word' id='word_1_136' title='bbox 766 1584 897 1654; x_wconf 90' lang='lat' dir='ltr'><strong>damni.</strong></span> <span class='ocrx_word' id='word_1_137' title='bbox 931 1589 974 1654; x_wconf 88' lang='lat' dir='ltr'><strong>Et</strong></span> <span class='ocrx_word' id='word_1_138' title='bbox 1003 1582 1029 1652; x_wconf 91' lang='lat' dir='ltr'><strong>si</strong></span> <span class='ocrx_word' id='word_1_139' title='bbox 1060 1583 1237 1652; x_wconf 84' lang='lat' dir='ltr'><strong>volentem</strong></span> <span class='ocrx_word' id='word_1_140' title='bbox 1265 1579 1421 1666; x_wconf 84' lang='lat' dir='ltr'><strong>deduxit,</strong></span> <span class='ocrx_word' id='word_1_141' title='bbox 1503 1653 1509 1668; x_wconf 59' lang='lat'><strong>,</strong></span> 
     </span>
     <span class='ocr_line' id='line_1_14' title="bbox 75 1687 1423 1783; baseline -0.004 -20"><span class='ocrx_word' id='word_1_142' title='bbox 75 1694 154 1763; x_wconf 83' lang='lat' dir='ltr'><strong>sive</strong></span> <span class='ocrx_word' id='word_1_143' title='bbox 180 1693 367 1782; x_wconf 86' lang='lat' dir='ltr'><strong>novitium,</strong></span> <span class='ocrx_word' id='word_1_144' title='bbox 392 1693 466 1763; x_wconf 83' lang='lat' dir='ltr'><strong>sive</strong></span> <span class='ocrx_word' id='word_1_145' title='bbox 490 1695 695 1783; x_wconf 88' lang='lat' dir='ltr'><strong>professum,</strong></span> <span class='ocrx_word' id='word_1_146' title='bbox 722 1713 802 1762; x_wconf 87' lang='lat' dir='ltr'><strong>cum</strong></span> <span class='ocrx_word' id='word_1_147' title='bbox 827 1692 856 1762; x_wconf 92' lang='lat' dir='ltr'><strong>is</strong></span> <span class='ocrx_word' id='word_1_148' title='bbox 879 1713 924 1761; x_wconf 87' lang='lat' dir='ltr'><strong>ex</strong></span> <span class='ocrx_word' id='word_1_149' title='bbox 951 1690 1083 1760; x_wconf 87' lang='lat' dir='ltr'><strong>iustitia</strong></span> <span class='ocrx_word' id='word_1_150' title='bbox 1116 1687 1327 1781; x_wconf 89' lang='lat' dir='ltr'><strong>monasterio</strong></span> <span class='ocrx_word' id='word_1_151' title='bbox 1350 1709 1423 1758; x_wconf 93' lang='lat' dir='ltr'><strong>non</strong></span> 
     </span>
     <span class='ocr_line' id='line_1_15' title="bbox 75 1797 1423 1888; baseline -0.006 -16"><span class='ocrx_word' id='word_1_152' title='bbox 75 1807 255 1888; x_wconf 89' lang='lat' dir='ltr'><strong>teneatur,</strong></span> <span class='ocrx_word' id='word_1_153' title='bbox 281 1821 346 1870; x_wconf 88' lang='lat' dir='ltr'><strong>nec</strong></span> <span class='ocrx_word' id='word_1_154' title='bbox 371 1800 427 1870; x_wconf 90' lang='lat' dir='ltr'><strong>illc</strong></span> <span class='ocrx_word' id='word_1_155' title='bbox 450 1800 627 1870; x_wconf 87' lang='lat' dir='ltr'><strong>tenebitur</strong></span> <span class='ocrx_word' id='word_1_156' title='bbox 653 1801 740 1888; x_wconf 78' lang='grc'>(59);</span> <span class='ocrx_word' id='word_1_157' title='bbox 766 1799 820 1869; x_wconf 90' lang='lat' dir='ltr'><strong>sin</strong></span> <span class='ocrx_word' id='word_1_158' title='bbox 845 1799 880 1868; x_wconf 70' lang='lat' dir='ltr'><strong>ri</strong></span> <span class='ocrx_word' id='word_1_159' title='bbox 907 1805 968 1868; x_wconf 87' lang='lat' dir='ltr'><strong>aut</strong></span> <span class='ocrx_word' id='word_1_160' title='bbox 995 1797 1133 1882; x_wconf 78' lang='lat' dir='ltr'><strong>fraude,</strong></span> <span class='ocrx_word' id='word_1_161' title='bbox 1168 1800 1325 1884; x_wconf 88' lang='lat' dir='ltr'><strong>tenetur;</strong></span> <span class='ocrx_word' id='word_1_162' title='bbox 1361 1815 1423 1866; x_wconf 90' lang='lat' dir='ltr'><strong>seu</strong></span> 
     </span>
     <span class='ocr_line' id='line_1_16' title="bbox 76 1901 1425 2001; baseline -0.007 -21"><span class='ocrx_word' id='word_1_163' title='bbox 76 1911 272 2001; x_wconf 81' lang='lat' dir='ltr'><strong>professum</strong></span> <span class='ocrx_word' id='word_1_164' title='bbox 298 1907 493 1993; x_wconf 82' lang='lat' dir='ltr'><strong>abduxerit,</strong></span> <span class='ocrx_word' id='word_1_165' title='bbox 518 1907 608 1998; x_wconf 87' lang='lat' dir='ltr'><strong>quod</strong></span> <span class='ocrx_word' id='word_1_166' title='bbox 633 1927 737 1977; x_wconf 91' lang='lat' dir='ltr'><strong>nemo</strong></span> <span class='ocrx_word' id='word_1_167' title='bbox 760 1905 913 1994; x_wconf 74' lang='lat' dir='ltr'><strong>dubitat,</strong></span> <span class='ocrx_word' id='word_1_168' title='bbox 945 1925 1006 1974; x_wconf 90' lang='lat' dir='ltr'><strong>seu</strong></span> <span class='ocrx_word' id='word_1_169' title='bbox 1037 1903 1232 1989; x_wconf 91' lang='lat' dir='ltr'><strong>novitium,</strong></span> <span class='ocrx_word' id='word_1_170' title='bbox 1258 1901 1349 1994; x_wconf 92' lang='lat' dir='ltr'><strong>quod</strong></span> <span class='ocrx_word' id='word_1_171' title='bbox 1372 1906 1425 1972; x_wconf 91' lang='lat' dir='ltr'><strong>est</strong></span> 
     </span>
     <span class='ocr_line' id='line_1_17' title="bbox 1 2010 1424 2108; baseline -0.006 -21"><span class='ocrx_word' id='word_1_172' title='bbox 1 2010 2 2073; x_wconf 71' lang='grc' dir='ltr'>ἒ</span> <span class='ocrx_word' id='word_1_173' title='bbox 76 2015 289 2108; x_wconf 85' lang='lat' dir='ltr'><strong>probabilius</strong></span> <span class='ocrx_word' id='word_1_174' title='bbox 315 2015 405 2104; x_wconf 76' lang='grc'>(40);</span> <span class='ocrx_word' id='word_1_175' title='bbox 436 2013 503 2084; x_wconf 92' lang='lat' dir='ltr'><strong>nisi</strong></span> <span class='ocrx_word' id='word_1_176' title='bbox 533 2014 623 2084; x_wconf 87' lang='lat' dir='ltr'><strong>torte</strong></span> <span class='ocrx_word' id='word_1_177' title='bbox 654 2013 783 2103; x_wconf 78' lang='lat' dir='ltr'><strong>Religio</strong></span> <span class='ocrx_word' id='word_1_178' title='bbox 813 2013 921 2082; x_wconf 92' lang='lat' dir='ltr'><strong>alium</strong></span> <span class='ocrx_word' id='word_1_179' title='bbox 953 2032 1062 2102; x_wconf 90' lang='lat' dir='ltr'><strong>aeque</strong></span> <span class='ocrx_word' id='word_1_180' title='bbox 1096 2010 1259 2080; x_wconf 89' lang='lat' dir='ltr'><strong>idoneum</strong></span> <span class='ocrx_word' id='word_1_181' title='bbox 1290 2011 1424 2100; x_wconf 91' lang='lat' dir='ltr'><strong>supple·</strong></span> 
     </span>
     <span class='ocr_line' id='line_1_18' title="bbox 1 2123 276 2212; baseline -0.015 -18"><span class='ocrx_word' id='word_1_182' title='bbox 1 2157 2 2201; x_wconf 29' lang='grc' dir='ltr'>ᾗ</span> <span class='ocrx_word' id='word_1_183' title='bbox 77 2123 176 2194; x_wconf 88' lang='lat' dir='ltr'><strong>verit</strong></span> <span class='ocrx_word' id='word_1_184' title='bbox 193 2124 276 2212; x_wconf 77' lang='lat' dir='ltr'><strong>(ll).</strong></span> 
     </span>
     <span class='ocr_line' id='line_1_19' title="bbox 1 2224 1424 2320; baseline -0.005 -20"><span class='ocrx_word' id='word_1_185' title='bbox 1 2226 2 2229; x_wconf 64' lang='grc'>’</span> <span class='ocrx_word' id='word_1_186' title='bbox 87 2297 99 2306; x_wconf 86' lang='grc'>,</span> <span class='ocrx_word' id='word_1_187' title='bbox 138 2235 198 2300; x_wconf 93' lang='lat' dir='ltr'><strong>Ill.</strong></span> <span class='ocrx_word' id='word_1_188' title='bbox 228 2236 275 2299; x_wconf 85' lang='lat' dir='ltr'><strong>De</strong></span> <span class='ocrx_word' id='word_1_189' title='bbox 300 2251 340 2299; x_wconf 91' lang='lat' dir='ltr'><strong>eo</strong></span> <span class='ocrx_word' id='word_1_190' title='bbox 364 2229 423 2320; x_wconf 90' lang='lat' dir='ltr'><strong>qui</strong></span> <span class='ocrx_word' id='word_1_191' title='bbox 447 2229 554 2298; x_wconf 88' lang='lat' dir='ltr'><strong>alium</strong></span> <span class='ocrx_word' id='word_1_192' title='bbox 578 2251 794 2312; x_wconf 77' lang='lat' dir='ltr'><strong>narramur,</strong></span> <span class='ocrx_word' id='word_1_193' title='bbox 821 2227 934 2318; x_wconf 87' lang='lat' dir='ltr'><strong>palam</strong></span> <span class='ocrx_word' id='word_1_194' title='bbox 958 2232 1012 2295; x_wconf 91' lang='lat' dir='ltr'><strong>est</strong></span> <span class='ocrx_word' id='word_1_195' title='bbox 1034 2225 1146 2294; x_wconf 84' lang='lat' dir='ltr'><strong>teneri</strong></span> <span class='ocrx_word' id='word_1_196' title='bbox 1175 2224 1282 2293; x_wconf 91' lang='lat' dir='ltr'><strong>totius</strong></span> <span class='ocrx_word' id='word_1_197' title='bbox 1305 2224 1424 2298; x_wconf 91' lang='lat' dir='ltr'><strong>damni</strong></span> 
     </span>
     <span class='ocr_line' id='line_1_20' title="bbox 1 2330 1423 2430; baseline -0.008 -22"><span class='ocrx_word' id='word_1_198' title='bbox 1 2357 2 2360; x_wconf 71' lang='grc'>’</span> <span class='ocrx_word' id='word_1_199' title='bbox 76 2337 174 2430; x_wconf 85' lang='lat' dir='ltr'><strong>quod</strong></span> <span class='ocrx_word' id='word_1_200' title='bbox 197 2336 254 2406; x_wconf 88' lang='lat' dir='ltr'><strong>bic</strong></span> <span class='ocrx_word' id='word_1_201' title='bbox 277 2336 419 2426; x_wconf 86' lang='lat' dir='ltr'><strong>patitur,</strong></span> <span class='ocrx_word' id='word_1_202' title='bbox 446 2335 521 2418; x_wconf 82' lang='lat' dir='ltr'><strong>sive</strong></span> <span class='ocrx_word' id='word_1_203' title='bbox 543 2355 611 2426; x_wconf 89' lang='lat' dir='ltr'><strong>qua</strong></span> <span class='ocrx_word' id='word_1_204' title='bbox 635 2337 724 2404; x_wconf 82' lang='lat' dir='ltr'><strong>forte</strong></span> <span class='ocrx_word' id='word_1_205' title='bbox 748 2340 908 2424; x_wconf 81' lang='lat' dir='ltr'><strong>aegrotus</strong></span> <span class='ocrx_word' id='word_1_206' title='bbox 931 2335 1045 2402; x_wconf 88' lang='lat' dir='ltr'><strong>lactus</strong></span> <span class='ocrx_word' id='word_1_207' title='bbox 1069 2337 1139 2416; x_wconf 91' lang='lat' dir='ltr'><strong>est,</strong></span> <span class='ocrx_word' id='word_1_208' title='bbox 1172 2330 1246 2400; x_wconf 81' lang='lat' dir='ltr'><strong>sive</strong></span> <span class='ocrx_word' id='word_1_209' title='bbox 1277 2352 1345 2422; x_wconf 88' lang='lat' dir='ltr'><strong>qua</strong></span> <span class='ocrx_word' id='word_1_210' title='bbox 1369 2334 1423 2400; x_wconf 90' lang='lat' dir='ltr'><strong>est</strong></span> 
     </span>
     <span class='ocr_line' id='line_1_21' title="bbox 1 2440 597 2530; baseline -0.003 -19"><span class='ocrx_word' id='word_1_211' title='bbox 1 2444 2 2453; x_wconf 76' lang='grc'>’</span> <span class='ocrx_word' id='word_1_212' title='bbox 78 2444 197 2514; x_wconf 84' lang='lat' dir='ltr'><strong>tactus</strong></span> <span class='ocrx_word' id='word_1_213' title='bbox 220 2440 353 2510; x_wconf 87' lang='lat' dir='ltr'><strong>inutilis</strong></span> <span class='ocrx_word' id='word_1_214' title='bbox 379 2441 445 2530; x_wconf 77' lang='lat' dir='ltr'><strong>(aa)</strong></span> <span class='ocrx_word' id='word_1_215' title='bbox 594 2445 597 2450; x_wconf 87' lang='lat'>&#39;</span> 
     </span>
    </p>
   </div>
   <div class='ocr_carea' id='block_1_2' title="bbox 533 2646 976 2744">
    <p class='ocr_par' dir='ltr' id='par_1_5' title="bbox 533 2646 976 2744">
     <span class='ocr_line' id='line_1_22' title="bbox 533 2646 976 2744; baseline -0.007 -2"><span class='ocrx_word' id='word_1_216' title='bbox 533 2646 849 2744; x_wconf 82' lang='lat' dir='ltr'><strong>TITULUS</strong></span> <span class='ocrx_word' id='word_1_217' title='bbox 881 2647 976 2742; x_wconf 83' lang='lat' dir='ltr'><strong>IV.</strong></span> 
     </span>
    </p>
   </div>
   <div class='ocr_carea' id='block_1_3' title="bbox 324 2817 1188 3016">
    <p class='ocr_par' dir='ltr' id='par_1_6' title="bbox 324 2817 1188 3016">
     <span class='ocr_line' id='line_1_23' title="bbox 413 2817 1101 2890; baseline -0.001 0"><span class='ocrx_word' id='word_1_218' title='bbox 413 2817 479 2890; x_wconf 88' lang='lat' dir='ltr'><strong>De</strong></span> <span class='ocrx_word' id='word_1_219' title='bbox 503 2819 689 2890; x_wconf 82' lang='lat' dir='ltr'><strong>actibus</strong></span> <span class='ocrx_word' id='word_1_220' title='bbox 714 2837 798 2890; x_wconf 82' lang='lat' dir='ltr'><strong>sau</strong></span> <span class='ocrx_word' id='word_1_221' title='bbox 820 2821 946 2889; x_wconf 83' lang='lat' dir='ltr'><strong>inter</strong></span> <span class='ocrx_word' id='word_1_222' title='bbox 968 2821 1101 2889; x_wconf 67' lang='lat' dir='ltr'><strong>riuos</strong></span> 
     </span>
     <span class='ocr_line' id='line_1_24' title="bbox 324 2920 1188 3016; baseline -0.006 -19"><span class='ocrx_word' id='word_1_223' title='bbox 324 2946 408 2998; x_wconf 86' lang='lat' dir='ltr'><strong>seu</strong></span> <span class='ocrx_word' id='word_1_224' title='bbox 431 2920 629 2997; x_wconf 69' lang='lat' dir='ltr'><strong>ultimae</strong></span> <span class='ocrx_word' id='word_1_225' title='bbox 652 2928 910 2997; x_wconf 74' lang='lat' dir='ltr'><strong>voluntatis</strong></span> <span class='ocrx_word' id='word_1_226' title='bbox 937 2927 989 2994; x_wconf 83' lang='lat' dir='ltr'><strong>in</strong></span> <span class='ocrx_word' id='word_1_227' title='bbox 1017 2942 1188 3016; x_wconf 70' lang='lat' dir='ltr'><strong>genere</strong></span> 
     </span>
    </p>
   </div>
   <div class='ocr_carea' id='block_1_4' title="bbox 662 3187 852 3254">
    <p class='ocr_par' dir='ltr' id='par_1_7' title="bbox 662 3187 852 3254">
     <span class='ocr_line' id='line_1_25' title="bbox 662 3187 852 3254; baseline -0.011 0"><span class='ocrx_word' id='word_1_228' title='bbox 662 3187 797 3254; x_wconf 77' lang='lat' dir='ltr'>CAPUT</span> <span class='ocrx_word' id='word_1_229' title='bbox 828 3191 852 3252; x_wconf 92' lang='lat' dir='ltr'><strong>l.</strong></span> 
     </span>
    </p>
   </div>
   <div class='ocr_carea' id='block_1_5' title="bbox 572 3317 1056 3394">
    <p class='ocr_par' dir='ltr' id='par_1_8' title="bbox 572 3317 1056 3394">
     <span class='ocr_line' id='line_1_26' title="bbox 572 3317 1056 3394; baseline -0.004 0"><span class='ocrx_word' id='word_1_230' title='bbox 572 3351 612 3394; x_wconf 82' lang='lat' dir='ltr'><strong>na</strong></span> <span class='ocrx_word' id='word_1_231' title='bbox 636 3348 770 3394; x_wconf 71' lang='lat' dir='ltr'><strong>acrinus</strong></span> <span class='ocrx_word' id='word_1_232' title='bbox 794 3347 941 3394; x_wconf 83' lang='lat' dir='ltr'><strong>maurmrs</strong></span> <span class='ocrx_word' id='word_1_233' title='bbox 1055 3317 1056 3326; x_wconf 38' lang='lat'>¹</span> 
     </span>
    </p>
   </div>
   <div class='ocr_carea' id='block_1_6' title="bbox 1 3463 1431 3782">
    <p class='ocr_par' dir='ltr' id='par_1_9' title="bbox 1 3463 1431 3782">
     <span class='ocr_line' id='line_1_27' title="bbox 143 3463 1430 3560; baseline -0.01 -18"><span class='ocrx_word' id='word_1_234' title='bbox 143 3471 222 3542; x_wconf 71' lang='grc'><strong>899.</strong></span> <span class='ocrx_word' id='word_1_235' title='bbox 250 3473 376 3540; x_wconf 81' lang='lat' dir='ltr'><strong>Actum</strong></span> <span class='ocrx_word' id='word_1_236' title='bbox 400 3467 477 3538; x_wconf 88' lang='lat' dir='ltr'><strong>heic</strong></span> <span class='ocrx_word' id='word_1_237' title='bbox 500 3467 702 3558; x_wconf 85' lang='lat' dir='ltr'><strong>accipimus,</strong></span> <span class='ocrx_word' id='word_1_238' title='bbox 731 3468 902 3560; x_wconf 77' lang='lat' dir='ltr'><strong>quidquid</strong></span> <span class='ocrx_word' id='word_1_239' title='bbox 932 3471 1084 3536; x_wconf 79' lang='lat' dir='ltr'><strong>cuiusvis</strong></span> <span class='ocrx_word' id='word_1_240' title='bbox 1113 3469 1250 3555; x_wconf 60' lang='grc' dir='ltr'><strong>πορθοίη·</strong></span> <span class='ocrx_word' id='word_1_241' title='bbox 1279 3463 1430 3553; x_wconf 73' lang='lat' dir='ltr'><strong>parendi</strong></span> 
     </span>
     <span class='ocr_line' id='line_1_28' title="bbox 78 3576 1431 3670; baseline -0.007 -19"><span class='ocrx_word' id='word_1_242' title='bbox 78 3599 197 3652; x_wconf 83' lang='lat' dir='ltr'><strong>causa</strong></span> <span class='ocrx_word' id='word_1_243' title='bbox 220 3580 274 3670; x_wconf 71' lang='lat' dir='ltr'><strong>fit·</strong></span> <span class='ocrx_word' id='word_1_244' title='bbox 298 3576 416 3647; x_wconf 90' lang='lat' dir='ltr'><strong>sedin</strong></span> <span class='ocrx_word' id='word_1_245' title='bbox 441 3576 563 3668; x_wconf 91' lang='lat' dir='ltr'><strong>primis</strong></span> <span class='ocrx_word' id='word_1_246' title='bbox 586 3581 684 3646; x_wconf 91' lang='lat' dir='ltr'><strong>actus</strong></span> <span class='ocrx_word' id='word_1_247' title='bbox 707 3597 793 3670; x_wconf 90' lang='lat' dir='ltr'><strong>quos</strong></span> <span class='ocrx_word' id='word_1_248' title='bbox 825 3581 954 3646; x_wconf 90' lang='lat' dir='ltr'><strong>vocant</strong></span> <span class='ocrx_word' id='word_1_249' title='bbox 984 3577 1131 3646; x_wconf 77' lang='lat' dir='ltr'><strong>ultimae</strong></span> <span class='ocrx_word' id='word_1_250' title='bbox 1159 3577 1368 3659; x_wconf 70' lang='lat' dir='ltr'><strong>voluntates,</strong></span> <span class='ocrx_word' id='word_1_251' title='bbox 1394 3579 1431 3642; x_wconf 92' lang='lat' dir='ltr'><strong>et</strong></span> 
     </span>
     <span class='ocr_line' id='line_1_29' title="bbox 1 3673 1431 3782; baseline -0.007 -28"><span class='ocrx_word' id='word_1_252' title='bbox 1 3707 2 3712; x_wconf 47' lang='lat'>¹</span> <span class='ocrx_word' id='word_1_253' title='bbox 81 3688 181 3754; x_wconf 77' lang='lat' dir='ltr'><strong>inter</strong></span> <span class='ocrx_word' id='word_1_254' title='bbox 204 3686 299 3752; x_wconf 75' lang='lat' dir='ltr'><strong>orbos</strong></span> <span class='ocrx_word' id='word_1_255' title='bbox 317 3682 376 3770; x_wconf 86' lang='grc' dir='ltr'><strong>(Ι).</strong></span> <span class='ocrx_word' id='word_1_256' title='bbox 403 3683 509 3750; x_wconf 76' lang='lat' dir='ltr'><strong>Actus</strong></span> <span class='ocrx_word' id='word_1_257' title='bbox 533 3677 730 3749; x_wconf 86' lang='lat' dir='ltr'><strong>huiusmodi</strong></span> <span class='ocrx_word' id='word_1_258' title='bbox 754 3699 876 3748; x_wconf 91' lang='lat' dir='ltr'><strong>omncs</strong></span> <span class='ocrx_word' id='word_1_259' title='bbox 900 3679 987 3748; x_wconf 87' lang='lat' dir='ltr'><strong>inlre</strong></span> <span class='ocrx_word' id='word_1_260' title='bbox 1011 3683 1168 3782; x_wconf 88' lang='lat' dir='ltr'><strong>possunt,</strong></span> <span class='ocrx_word' id='word_1_261' title='bbox 1198 3675 1353 3764; x_wconf 86' lang='lat' dir='ltr'><strong>exceptis</strong></span> <span class='ocrx_word' id='word_1_262' title='bbox 1376 3673 1431 3744; x_wconf 90' lang='lat' dir='ltr'><strong>bis</strong></span> 
     </span>
    </p>
   </div>
   <div class='ocr_carea' id='block_1_7' title="bbox 1 3855 1434 4666">
    <p class='ocr_par' dir='ltr' id='par_1_10' title="bbox 1 3855 1434 4666">
     <span class='ocr_line' id='line_1_30' title="bbox 145 3855 1428 3943; baseline -0.005 -20"><span class='ocrx_word' id='word_1_263' title='bbox 145 3861 214 3943; x_wconf 90' lang='grc'>(34)</span> <span class='ocrx_word' id='word_1_264' title='bbox 234 3861 271 3922; x_wconf 89' lang='lat' dir='ltr'><strong>L.</strong></span> <span class='ocrx_word' id='word_1_265' title='bbox 291 3861 358 3932; x_wconf 90' lang='grc'>185,</span> <span class='ocrx_word' id='word_1_266' title='bbox 376 3861 422 3921; x_wconf 87' lang='lat' dir='ltr'><strong>De</strong></span> <span class='ocrx_word' id='word_1_267' title='bbox 442 3861 482 3920; x_wconf 81' lang='lat' dir='ltr'><strong>R.</strong></span> <span class='ocrx_word' id='word_1_268' title='bbox 500 3857 529 3918; x_wconf 88' lang='lat' dir='ltr'><strong>I.</strong></span> <span class='ocrx_word' id='word_1_269' title='bbox 546 3859 622 3918; x_wconf 78' lang='lat' dir='ltr'><strong>Dixi</strong></span> <span class='ocrx_word' id='word_1_270' title='bbox 636 3877 731 3932; x_wconf 74' lang='lat' dir='ltr'><strong>repu-</strong></span> <span class='ocrx_word' id='word_1_271' title='bbox 845 3857 910 3940; x_wconf 87' lang='lat'><strong>(39)</strong></span> <span class='ocrx_word' id='word_1_272' title='bbox 931 3859 1032 3930; x_wconf 80' lang='lat' dir='ltr'><strong>Less,</strong></span> <span class='ocrx_word' id='word_1_273' title='bbox 1056 3859 1098 3928; x_wconf 96' lang='grc' dir='ltr'><strong>ΙΙ,</strong></span> <span class='ocrx_word' id='word_1_274' title='bbox 1123 3858 1154 3930; x_wconf 88' lang='grc'><strong>9,</strong></span> <span class='ocrx_word' id='word_1_275' title='bbox 1182 3857 1231 3930; x_wconf 87' lang='grc'><strong>19;</strong></span> <span class='ocrx_word' id='word_1_276' title='bbox 1254 3855 1354 3934; x_wconf 80' lang='lat' dir='ltr'><strong>Lago,</strong></span> <span class='ocrx_word' id='word_1_277' title='bbox 1371 3857 1428 3928; x_wconf 92' lang='lat' dir='ltr'><strong>IX,</strong></span> 
     </span>
     <span class='ocr_line' id='line_1_31' title="bbox 84 3939 834 4018; baseline -0.008 -15"><span class='ocrx_word' id='word_1_278' title='bbox 84 3945 219 4012; x_wconf 62' lang='lat' dir='ltr'><strong>irritem</strong></span> <span class='ocrx_word' id='word_1_279' title='bbox 229 3944 303 4018; x_wconf 87' lang='lat' dir='ltr'><strong>quia</strong></span> <span class='ocrx_word' id='word_1_280' title='bbox 316 3943 471 4002; x_wconf 77' lang='lat' dir='ltr'><strong>Interdum</strong></span> <span class='ocrx_word' id='word_1_281' title='bbox 486 3939 645 3999; x_wconf 89' lang='lat' dir='ltr'><strong>silentium</strong></span> <span class='ocrx_word' id='word_1_282' title='bbox 660 3958 732 4014; x_wconf 93' lang='lat' dir='ltr'><strong>quo·</strong></span> <span class='ocrx_word' id='word_1_283' title='bbox 785 3939 834 3998; x_wconf 91' lang='grc'><strong>41.</strong></span> 
     </span>
     <span class='ocr_line' id='line_1_32' title="bbox 1 4017 1266 4102; baseline -0.007 -17"><span class='ocrx_word' id='word_1_284' title='bbox 1 4099 2 4102; x_wconf 9' lang='lat'>¹</span> <span class='ocrx_word' id='word_1_285' title='bbox 82 4043 144 4102; x_wconf 87' lang='lat' dir='ltr'><strong>que</strong></span> <span class='ocrx_word' id='word_1_286' title='bbox 165 4023 277 4083; x_wconf 82' lang='lat' dir='ltr'><strong>fraude</strong></span> <span class='ocrx_word' id='word_1_287' title='bbox 297 4041 355 4080; x_wconf 87' lang='lat' dir='ltr'><strong>non</strong></span> <span class='ocrx_word' id='word_1_288' title='bbox 377 4027 465 4082; x_wconf 84' lang='lat' dir='ltr'><strong>caret</strong></span> <span class='ocrx_word' id='word_1_289' title='bbox 485 4019 538 4098; x_wconf 87' lang='lat' dir='ltr'><strong>(V.</strong></span> <span class='ocrx_word' id='word_1_290' title='bbox 564 4021 662 4096; x_wconf 75' lang='lat' dir='ltr'><strong>hugo,</strong></span> <span class='ocrx_word' id='word_1_291' title='bbox 685 4019 732 4079; x_wconf 88' lang='lat' dir='ltr'><strong>De</strong></span> <span class='ocrx_word' id='word_1_292' title='bbox 844 4018 909 4098; x_wconf 89' lang='grc'>(40)</span> <span class='ocrx_word' id='word_1_293' title='bbox 931 4019 963 4078; x_wconf 91' lang='lat' dir='ltr'><strong>S.</strong></span> <span class='ocrx_word' id='word_1_294' title='bbox 987 4017 1097 4094; x_wconf 69' lang='lat' dir='ltr'><strong>Alph,</strong></span> <span class='ocrx_word' id='word_1_295' title='bbox 1121 4017 1178 4088; x_wconf 95' lang='grc' dir='ltr'>ΙΙΙ,</span> <span class='ocrx_word' id='word_1_296' title='bbox 1195 4017 1266 4076; x_wconf 85' lang='grc'>662.</span> 
     </span>
     <span class='ocr_line' id='line_1_33' title="bbox 83 4095 1429 4180; baseline -0.006 -17"><span class='ocrx_word' id='word_1_297' title='bbox 83 4102 187 4171; x_wconf 69' lang='lat' dir='ltr'><strong>lust„</strong></span> <span class='ocrx_word' id='word_1_298' title='bbox 209 4101 328 4174; x_wconf 86' lang='lat' dir='ltr'><strong>XXIII,</strong></span> <span class='ocrx_word' id='word_1_299' title='bbox 344 4101 406 4180; x_wconf 89' lang='grc'>82).</span> <span class='ocrx_word' id='word_1_300' title='bbox 847 4098 912 4180; x_wconf 90' lang='grc'>(41)</span> <span class='ocrx_word' id='word_1_301' title='bbox 927 4099 1027 4171; x_wconf 72' lang='lat' dir='ltr'><strong>Lesa,</strong></span> <span class='ocrx_word' id='word_1_302' title='bbox 1041 4099 1082 4169; x_wconf 96' lang='grc' dir='ltr'><strong>ΙΙ,</strong></span> <span class='ocrx_word' id='word_1_303' title='bbox 1095 4099 1126 4170; x_wconf 88' lang='grc'>9,</span> <span class='ocrx_word' id='word_1_304' title='bbox 1138 4099 1187 4170; x_wconf 86' lang='grc'><strong>17;</strong></span> <span class='ocrx_word' id='word_1_305' title='bbox 1200 4098 1298 4174; x_wconf 85' lang='lat' dir='ltr'><strong>Lago,</strong></span> <span class='ocrx_word' id='word_1_306' title='bbox 1309 4096 1366 4168; x_wconf 89' lang='lat' dir='ltr'><strong>IX,</strong></span> <span class='ocrx_word' id='word_1_307' title='bbox 1377 4095 1429 4156; x_wconf 80' lang='lat'><strong>52.</strong></span> 
     </span>
     <span class='ocr_line' id='line_1_34' title="bbox 161 4177 1245 4262; baseline -0.006 -18"><span class='ocrx_word' id='word_1_308' title='bbox 161 4180 217 4262; x_wconf 84' lang='grc'><strong>35)</strong></span> <span class='ocrx_word' id='word_1_309' title='bbox 237 4184 344 4256; x_wconf 81' lang='lat' dir='ltr'><strong>Groix,</strong></span> <span class='ocrx_word' id='word_1_310' title='bbox 368 4181 425 4254; x_wconf 90' lang='grc' dir='ltr'>ΙΙΙ,</span> <span class='ocrx_word' id='word_1_311' title='bbox 443 4181 468 4254; x_wconf 91' lang='grc' dir='ltr'>Ι,</span> <span class='ocrx_word' id='word_1_312' title='bbox 484 4180 555 4240; x_wconf 84' lang='grc'><strong>298.</strong></span> <span class='ocrx_word' id='word_1_313' title='bbox 754 4203 756 4207; x_wconf 63' lang='grc'>’</span> <span class='ocrx_word' id='word_1_314' title='bbox 859 4177 912 4258; x_wconf 74' lang='grc'><strong>49)</strong></span> <span class='ocrx_word' id='word_1_315' title='bbox 933 4177 972 4236; x_wconf 87' lang='lat' dir='ltr'><strong>V.</strong></span> <span class='ocrx_word' id='word_1_316' title='bbox 989 4179 1091 4250; x_wconf 73' lang='lat' dir='ltr'><strong>Lesa,</strong></span> <span class='ocrx_word' id='word_1_317' title='bbox 1108 4178 1149 4249; x_wconf 91' lang='grc' dir='ltr'>ΙΙ,</span> <span class='ocrx_word' id='word_1_318' title='bbox 1167 4178 1198 4251; x_wconf 92' lang='grc'><strong>9,</strong></span> <span class='ocrx_word' id='word_1_319' title='bbox 1216 4179 1245 4237; x_wconf 92' lang='lat'><strong>1.</strong></span> 
     </span>
     <span class='ocr_line' id='line_1_35' title="bbox 161 4256 1432 4336; baseline -0.008 -12"><span class='ocrx_word' id='word_1_320' title='bbox 161 4265 203 4324; x_wconf 88' lang='grc'><strong>36</strong></span> <span class='ocrx_word' id='word_1_321' title='bbox 237 4265 276 4323; x_wconf 88' lang='lat' dir='ltr'><strong>V.</strong></span> <span class='ocrx_word' id='word_1_322' title='bbox 294 4264 319 4323; x_wconf 90' lang='lat' dir='ltr'><strong>l.</strong></span> <span class='ocrx_word' id='word_1_323' title='bbox 334 4261 531 4336; x_wconf 69' lang='lat' dir='ltr'><strong>Rep.,xvt,</strong></span> <span class='ocrx_word' id='word_1_324' title='bbox 547 4259 577 4320; x_wconf 83' lang='lat'><strong>2.</strong></span> <span class='ocrx_word' id='word_1_325' title='bbox 861 4258 891 4336; x_wconf 94' lang='grc'><strong>1)</strong></span> <span class='ocrx_word' id='word_1_326' title='bbox 913 4258 985 4316; x_wconf 83' lang='lat' dir='ltr'><strong>Dixi</strong></span> <span class='ocrx_word' id='word_1_327' title='bbox 1008 4261 1045 4316; x_wconf 82' lang='lat' dir='ltr'><strong>in</strong></span> <span class='ocrx_word' id='word_1_328' title='bbox 1065 4256 1432 4335; x_wconf 67' lang='lat' dir='ltr'><strong>primianamqueedi·</strong></span> 
     </span>
     <span class='ocr_line' id='line_1_36' title="bbox 148 4265 1433 4428; baseline -0.01 -22"><span class='ocrx_word' id='word_1_329' title='bbox 148 4265 217 4428; x_wconf 55' lang='lat'><strong>(373</strong></span> <span class='ocrx_word' id='word_1_330' title='bbox 238 4345 347 4412; x_wconf 77' lang='lat' dir='ltr'><strong>(troix,</strong></span> <span class='ocrx_word' id='word_1_331' title='bbox 374 4342 431 4414; x_wconf 90' lang='lat'><strong>111,</strong></span> <span class='ocrx_word' id='word_1_332' title='bbox 455 4341 496 4414; x_wconf 92' lang='grc' dir='ltr'><strong>ΙΙ,</strong></span> <span class='ocrx_word' id='word_1_333' title='bbox 513 4343 583 4411; x_wconf 87' lang='grc'>344,</span> <span class='ocrx_word' id='word_1_334' title='bbox 600 4341 670 4398; x_wconf 87' lang='grc'>347.</span> <span class='ocrx_word' id='word_1_335' title='bbox 694 4340 734 4400; x_wconf 84' lang='lat' dir='ltr'><strong>Et</strong></span> <span class='ocrx_word' id='word_1_336' title='bbox 788 4341 869 4399; x_wconf 89' lang='lat' dir='ltr'><strong>cturi</strong></span> <span class='ocrx_word' id='word_1_337' title='bbox 891 4355 1006 4408; x_wconf 88' lang='lat' dir='ltr'><strong>sumus,</strong></span> <span class='ocrx_word' id='word_1_338' title='bbox 1030 4339 1068 4397; x_wconf 84' lang='lat' dir='ltr'><strong>ad</strong></span> <span class='ocrx_word' id='word_1_339' title='bbox 1089 4338 1170 4397; x_wconf 88' lang='lat' dir='ltr'><strong>alios</strong></span> <span class='ocrx_word' id='word_1_340' title='bbox 1197 4353 1316 4412; x_wconf 88' lang='lat' dir='ltr'><strong>quoque</strong></span> <span class='ocrx_word' id='word_1_341' title='bbox 1344 4341 1433 4395; x_wconf 68' lang='lat' dir='ltr'><strong>aratus</strong></span> 
     </span>
     <span class='ocr_line' id='line_1_37' title="bbox 86 4417 1434 4499; baseline -0.008 -15"><span class='ocrx_word' id='word_1_342' title='bbox 86 4426 220 4486; x_wconf 87' lang='lat' dir='ltr'><strong>interim</strong></span> <span class='ocrx_word' id='word_1_343' title='bbox 235 4423 272 4482; x_wconf 87' lang='lat' dir='ltr'><strong>ad</strong></span> <span class='ocrx_word' id='word_1_344' title='bbox 287 4424 450 4484; x_wconf 87' lang='lat' dir='ltr'><strong>meliorem</strong></span> <span class='ocrx_word' id='word_1_345' title='bbox 466 4422 587 4499; x_wconf 83' lang='lat' dir='ltr'><strong>frugem</strong></span> <span class='ocrx_word' id='word_1_346' title='bbox 603 4437 671 4478; x_wconf 90' lang='lat' dir='ltr'><strong>eum</strong></span> <span class='ocrx_word' id='word_1_347' title='bbox 686 4437 734 4478; x_wconf 87' lang='lat' dir='ltr'><strong>re·</strong></span> <span class='ocrx_word' id='word_1_348' title='bbox 787 4419 945 4496; x_wconf 88' lang='lat' dir='ltr'><strong>pertinent</strong></span> <span class='ocrx_word' id='word_1_349' title='bbox 966 4436 1019 4476; x_wconf 87' lang='lat' dir='ltr'><strong>suo</strong></span> <span class='ocrx_word' id='word_1_350' title='bbox 1040 4419 1140 4488; x_wconf 89' lang='lat' dir='ltr'><strong>modo,</strong></span> <span class='ocrx_word' id='word_1_351' title='bbox 1164 4421 1198 4476; x_wconf 91' lang='lat' dir='ltr'><strong>ut</strong></span> <span class='ocrx_word' id='word_1_352' title='bbox 1219 4435 1289 4475; x_wconf 87' lang='lat' dir='ltr'><strong>ecce</strong></span> <span class='ocrx_word' id='word_1_353' title='bbox 1311 4417 1349 4475; x_wconf 93' lang='lat' dir='ltr'><strong>ad</strong></span> <span class='ocrx_word' id='word_1_354' title='bbox 1364 4433 1434 4492; x_wconf 90' lang='lat' dir='ltr'><strong>pro-</strong></span> 
     </span>
     <span class='ocr_line' id='line_1_38' title="bbox 87 4495 1433 4587; baseline -0.008 -23"><span class='ocrx_word' id='word_1_355' title='bbox 87 4523 204 4566; x_wconf 80' lang='lat' dir='ltr'><strong>vocare</strong></span> <span class='ocrx_word' id='word_1_356' title='bbox 218 4501 446 4587; x_wconf 79' lang='lat' dir='ltr'><strong>(sot.‚1V‚6‚3;</strong></span> <span class='ocrx_word' id='word_1_357' title='bbox 462 4500 615 4572; x_wconf 84' lang='lat' dir='ltr'><strong>Less.,II,</strong></span> <span class='ocrx_word' id='word_1_358' title='bbox 626 4501 655 4570; x_wconf 87' lang='lat'><strong>8,</strong></span> <span class='ocrx_word' id='word_1_359' title='bbox 667 4496 731 4576; x_wconf 83' lang='lat'>20).</span> <span class='ocrx_word' id='word_1_360' title='bbox 789 4497 936 4558; x_wconf 82' lang='lat' dir='ltr'><strong>sessiones</strong></span> <span class='ocrx_word' id='word_1_361' title='bbox 967 4497 1143 4575; x_wconf 86' lang='lat' dir='ltr'><strong>religiosas,</strong></span> <span class='ocrx_word' id='word_1_362' title='bbox 1173 4497 1210 4556; x_wconf 87' lang='lat' dir='ltr'><strong>ad</strong></span> <span class='ocrx_word' id='word_1_363' title='bbox 1233 4495 1433 4556; x_wconf 86' lang='lat' dir='ltr'><strong>collationem</strong></span> 
     </span>
     <span class='ocr_line' id='line_1_39' title="bbox 149 4579 1100 4666; baseline -0.011 -20"><span class='ocrx_word' id='word_1_364' title='bbox 149 4587 216 4666; x_wconf 88' lang='grc'>(38)</span> <span class='ocrx_word' id='word_1_365' title='bbox 236 4587 337 4657; x_wconf 72' lang='lat' dir='ltr'><strong>Lesa,</strong></span> <span class='ocrx_word' id='word_1_366' title='bbox 354 4585 396 4655; x_wconf 92' lang='grc' dir='ltr'><strong>ΙΙ,</strong></span> <span class='ocrx_word' id='word_1_367' title='bbox 410 4584 467 4654; x_wconf 89' lang='lat' dir='ltr'><strong>IX,</strong></span> <span class='ocrx_word' id='word_1_368' title='bbox 485 4581 532 4655; x_wconf 91' lang='lat' dir='ltr'><strong>ll,</strong></span> <span class='ocrx_word' id='word_1_369' title='bbox 552 4581 607 4652; x_wconf 79' lang='lat'><strong>153</strong></span> <span class='ocrx_word' id='word_1_370' title='bbox 625 4581 731 4650; x_wconf 84' lang='lat' dir='ltr'><strong>Oroix,</strong></span> <span class='ocrx_word' id='word_1_371' title='bbox 788 4579 1016 4648; x_wconf 88' lang='lat' dir='ltr'><strong>beneficiorum,</strong></span> <span class='ocrx_word' id='word_1_372' title='bbox 1040 4584 1100 4638; x_wconf 89' lang='lat' dir='ltr'><strong>etc.</strong></span> 
     </span>
    </p>
   </div>
   <div class='ocr_carea' id='block_1_8' title="bbox 0 0 1718 5126">
    <p class='ocr_par' dir='ltr' id='par_1_11' title="bbox 0 0 1718 5126">
     <span class='ocr_line' id='line_1_40' title="bbox 0 0 1718 5126; baseline 0 0"><span class='ocrx_word' id='word_1_373' title='bbox 0 0 1718 5126; x_wconf 95' lang='lat' dir='ltr'><strong> </strong></span> 
     </span>
    </p>
   </div>
  </div>
 </body>
</html>
