3334 5128
276 189 340 258 150
385 212 476 257 trem
493 211 540 257 ru.
555 227 577 240 -
589 211 745 275 macru.
760 212 823 258 rrr.
843 212 864 257 r.
884 211 923 256 nc
937 212 1007 257 nuc.
1027 211 1066 256 er
1083 212 1123 256 ne
1139 209 1265 266 eccum.
1281 210 1353 256 nen.
1374 209 1504 254 noursro

274 307 373 400 petit,
400 311 521 380 colono
543 330 699 402 quoque,
725 331 835 400 aequo
858 311 969 380 soluto
993 311 1102 400 pretio
1130 311 1210 399 (51).
1238 309 1301 380 Sed
1324 309 1373 379 ita
1396 309 1539 378 demum
1567 306 1616 377 eis
1657 309 1659 312 ’

274 416 453 506 competit,
480 415 508 486 si
539 421 575 486 et
597 436 685 508 aqua
720 416 814 486 utilis
837 415 883 486 sit
916 405 1006 506 bgrie
1028 416 1202 503 colendis;
1228 423 1264 490 et
1298 437 1376 486 eam
1411 415 1612 502 concedere,

273 521 360 590 mibi
375 521 517 612 aliisque
529 521 745 612 superiorum
762 522 980 611 praediorum
993 522 1143 594 dominis
1156 521 1243 591 nihil
1255 522 1301 592 sit
1315 521 1517 592 nociturum
1532 522 1611 609 (52).
1657 517 1659 584 i

273 633 318 698 Et
338 628 420 720 quia
442 627 529 698 mibi
552 648 688 718 semper
711 629 885 718 integrum
909 636 962 699 cst
985 651 1025 700 ea
1048 628 1133 698 alias
1155 629 1219 716 uti,
1244 651 1350 721 quam
1373 630 1426 698 uti
1449 627 1612 714 solebam,
1643 589 1659 686 b

273 735 359 805 haee
381 735 480 828 quasi
503 737 654 806 servitus
676 743 799 822 cessat,
815 737 842 806 si
866 737 949 828 quid
971 737 1105 827 opinor,
1130 737 1159 806 si
1183 759 1245 826 ego
1268 759 1358 828 equa
1374 737 1460 808 alies
1483 737 1535 806 uti
1558 757 1613 807 ve·

273 838 351 928 lim,
377 862 413 910 v.
439 861 486 926 c.,
512 841 555 911 ed
579 841 646 911 alie
669 841 808 932 praedia
832 863 910 912 mee
934 843 1071 928 ducere,
1098 843 1155 912 vel
1178 841 1253 912 aliis
1277 844 1481 913 concedere.

209 957 211 964 ’
336 945 410 1018 185.
437 947 501 1017 Sed
524 953 560 1016 et
582 968 692 1039 aquae
715 949 887 1018 celaturas
911 949 1020 1034 (scoti)
1045 947 1240 1038 disperdere
1264 950 1361 1019 nefas
1385 956 1455 1020 est:
1482 953 1519 1018 et
1539 967 1612 1018 usu·

274 1052 419 1143 capione
443 1053 574 1146 acquiri
599 1061 754 1144 possunt.
776 1059 907 1145 Nempe
930 1075 971 1126 eo
994 1055 1097 1145 piene
1119 1055 1234 1140 modo,
1259 1075 1328 1146 quo
1351 1054 1405 1124 ius
1426 1073 1538 1146 aquae
1559 1054 1612 1123 de

272 1159 441 1230 rivandee
464 1160 595 1252 acquiri
620 1165 733 1250 potest
758 1163 790 1247 (ὅ
818 1161 913 1248 185),
940 1167 975 1231 et
997 1166 1177 1252 praeterea
1200 1159 1228 1230 si
1253 1159 1342 1251 quis,
1360 1161 1504 1230 domino
1517 1159 1611 1232 frmdi

270 1267 456 1358 superioris
479 1267 514 1336 id
537 1268 730 1338 formaliter
752 1267 969 1356 prohibente,
996 1289 1036 1338 ec
1060 1265 1289 1338 nihilominus
1311 1287 1393 1336 usus
1427 1267 1535 1336 tuerit
1557 1266 1611 1334 tri-

272 1373 369 1465 ginta
392 1373 569 1444 continuis
600 1375 715 1462 annis,
741 1395 813 1445 non
847 1375 895 1459 ri,
923 1394 993 1444 non
1027 1375 1130 1459 ciam,
1157 1394 1228 1443 non
1263 1372 1418 1464 precario
1444 1373 1530 1462 (55);
1557 1392 1610 1441 ve·

272 1501 372 1566 rum,
398 1480 464 1550 hoc
487 1481 523 1548 in
548 1481 623 1550 soro
647 1480 742 1550 civiti
777 1485 916 1550 tantum
949 1485 1001 1568 (V.
1030 1489 1048 1564 ἓ
1076 1481 1150 1566 110,
1177 1501 1212 1548 n.
1240 1481 1293 1567 7);
1321 1478 1387 1548 nisi
1420 1478 1477 1547 iile
1504 1477 1612 1580 sciens

271 1591 308 1654 et
331 1587 454 1656 volens
475 1593 598 1676 sponte
622 1605 761 1676 prorsus
783 1607 803 1656 a
828 1586 1060 1676 prohibitione
1084 1585 1270 1656 destiterit.

331 1691 381 1759 Ad
404 1696 622 1779 extremum,
648 1692 799 1783 praedio,
815 1691 1058 1784 cuiquaelibct
1080 1692 1232 1762 servitus
1255 1713 1365 1784 aquae
1389 1691 1545 1776 debetur,
1569 1711 1608 1760 ex

270 1804 369 1888 parte
392 1798 554 1885 alienato,
583 1800 651 1889 (vel
675 1799 767 1870 inter
791 1801 906 1890 plures
928 1799 1051 1887 diviso)
1078 1821 1189 1891 aquae
1223 1799 1348 1870 divisio
1371 1799 1465 1868 inter
1495 1795 1608 1866 vendi-

270 1909 383 1975 torem
406 1909 443 1975 et
466 1910 658 1996 emptorem
685 1907 754 1995 (vel
777 1909 977 1996 emptores),
1003 1927 1074 1976 nou
1109 1929 1170 1996 pro
1193 1907 1360 1999 cuiusque
1383 1907 1492 1998 partis
1518 1905 1607 1976 boni·

269 2017 356 2097 tete,
383 2013 601 2100 necessitate,
628 2015 684 2084 vel
707 2033 791 2101 usu;
817 2013 876 2082 sed
900 2033 961 2103 pro
986 2013 1087 2084 modo
1103 2014 1174 2103 agri
1199 2013 1344 2100 detenti,
1370 2019 1433 2084 aut
1458 2011 1606 2096 alienati,

271 2118 429 2189 iacienda
454 2125 506 2189 est
530 2121 612 2208 (51).

581 2371 661 2438 Anr.
689 2371 729 2436 li.
757 2371 806 2434 De
826 2367 1023 2456 privilepiis
1046 2377 1077 2436 et
1099 2366 1306 2460 hypothecis.

333 2570 406 2640 186.
433 2569 559 2640 Omnia
584 2569 685 2652 bone,
711 2589 798 2659 quae
823 2567 859 2637 in
895 2566 1103 2658 patrimonio
1135 2573 1253 2640 nostro
1287 2567 1526 2654 continentur,
1553 2568 1603 2637 ob

270 2675 376 2746 noxie
399 2681 482 2745 sunt
505 2675 571 2761 his,
589 2675 749 2766 quibusa
773 2675 871 2743 nobis
895 2695 939 2743 cx
959 2673 1111 2765 qualibet
1133 2695 1235 2744 cause
1252 2675 1409 2760 debetur,
1427 2683 1467 2744 ut
1482 2673 1545 2744 sibi
1565 2695 1603 2743 er

270 2781 320 2852 eis
343 2781 498 2851 satisfiat.
525 2781 622 2864 Quod
645 2780 674 2849 si
698 2779 755 2850 illo
780 2779 941 2850 omnibus
966 2781 1132 2850 solvendo
1156 2801 1227 2850 non
1251 2787 1344 2866 sunt,
1370 2779 1515 2870 singulis
1543 2799 1602 2868 pro

271 2897 355 2959 roto
378 2887 662 2958 satisfaciendum
686 2891 757 2973 est;
784 2885 850 2955 nisi
874 2885 996 2977 aliquis
1020 2907 1140 2956 eorum
1164 2885 1238 2956 iure
1258 2889 1422 2976 pipooris
1448 2887 1495 2956 sit
1517 2907 1602 2977 prac-

268 2996 432 3066 ferendus
451 2997 510 3085 (1).
531 2994 657 3083 Pignus
672 2993 747 3063 heio
771 2999 839 3062 est:
860 2997 919 3060 Ius
934 2993 1102 3062 creditori
1116 2999 1341 3063 coustitutum
1364 2998 1404 3063 in
1421 3015 1461 3064 re
1476 2995 1599 3079 alterno,

270 3112 310 3174 ut
332 3107 399 3191 ipsr‘
417 3122 508 3190 prce
540 3103 662 3169 ceteris
685 3099 914 3168 creditoribus
936 3121 978 3168 ec
1008 3121 1051 3169 eo
1073 3099 1298 3188 satisfactum
1314 3105 1387 3170 'sit
1416 3107 1475 3171 Est
1509 3101 1602 3190 igitur

269 3206 491 3301 praelationis
514 3205 568 3275 ius
594 3207 653 3294 (9).
679 3205 798 3275 Oritur
821 3205 877 3274 vei
901 3227 945 3302 ex
965 3205 1153 3295 priotlepto
1174 3205 1290 3297 aliquo
1316 3203 1452 3295 (pignus
1476 3205 1600 3295 privile·

268 3315 428 3405 giatum),
453 3311 509 3381 vel
532 3333 578 3382 ex
601 3310 815 3402 hypotheca„
832 3310 1013 3400 Priviiegia
1049 3311 1200 3398 creditis,
1225 3313 1443 3403 hypothecae
1467 3311 1600 3382 credito·

268 3420 363 3490 ribus
385 3418 515 3489 tributa
531 3423 631 3504 sunt;
650 3417 726 3486 idco
749 3415 970 3506 privilegium
990 3417 1196 3487 aestimatur
1209 3439 1255 3486 ex
1277 3439 1398 3502 causo,
1418 3419 1600 3508 hypotheca

270 3548 315 3596 ex
339 3535 509 3614 tempore:
536 3524 726 3614 Utrumque
753 3529 806 3606 est
840 3521 968 3614 aliquid
991 3523 1200 3594 indivisibile
1213 3525 1293 3613 (5),
1320 3529 1356 3593 et
1371 3523 1600 3595 ,accessorium

330 3757 395 3840 (31)
416 3759 464 3818 Ex
486 3756 541 3816 cit.
563 3761 602 3814 A.
625 3753 694 3814 545.
715 3753 828 3814 Cuivis
847 3773 920 3831 pos·
1033 3755 1079 3835 (2)
1100 3755 1137 3816 L.
1170 3758 1197 3828 1,
1221 3758 1268 3817 De
1294 3759 1428 3833 piprtor.
1453 3767 1515 3819 oct.
1543 3761 1605 3818 biri

271 3841 400 3906 sessori,
422 3853 493 3896 nem
519 3835 667 3912 praediis,
691 3851 750 3893 non
766 3835 918 3912 personis,
974 3837 1054 3906 heic,
1069 3853 1140 3894 nem
1162 3837 1243 3896 elias
1257 3841 1289 3897 et
1311 3853 1376 3896 rem
1389 3836 1530 3914 pignoris
1540 3839 1603 3899 obli-

270 3922 422 3980 tributum
437 3923 495 3976 est.
514 3916 585 3986 Sed,
599 3915 626 3973 si
641 3915 731 3992 plura
753 3913 816 3974 sint
831 3931 919 3990 pree·
973 3921 1090 3994 getam,
1111 3920 1142 3975 et
1163 3921 1359 3977 contractum
1380 3935 1440 3994 quo
1460 3918 1604 3996 obligetur

269 4001 332 4070 die,
356 4000 387 4058 in
399 4001 554 4074 potestate
569 4012 639 4053 mea
652 3999 712 4064 est,
726 3997 775 4054 cui
787 3993 917 4067 malim,
972 3996 1130 4072 significet
1141 4017 1148 4055 :
1161 3999 1198 4056 de
1208 4005 1379 4058 contractu
1390 3997 1529 4074 pignoris
1539 3997 1603 4057 alibi

273 4080 450 4138 concedere.
473 4076 534 4153 (Ex
556 4078 628 4136 Art.
653 4071 736 4153 436).
972 4077 1130 4136 dicendum
1154 4077 1228 4137 erit.

330 4159 396 4236 (32)
411 4159 444 4217 G.
462 4155 517 4229 it,
535 4155 605 4216 545.
1031 4157 1076 4234 (3)
1097 4156 1134 4216 L.
1151 4159 1181 4227 6,
1200 4158 1232 4218 0.
1251 4157 1298 4217 De
1319 4158 1470 4220 distr-oct.
1482 4162 1567 4236 pipo<
1579 4175 1601 4214 r.

325 4237 391 4316 (33)
406 4237 439 4298 O.
457 4235 513 4308 It.,
529 4236 600 4296 637.
972 4237 1117 4312 Adeoque
1138 4237 1262 4314 integra
1288 4243 1426 4309 manent,
1452 4239 1547 4314 quoad
1564 4254 1602 4294 *o-

330 4317 684 4396 (consenesce.
970 4324 1036 4376 tum
1058 4317 1194 4376 debitum
1228 4335 1297 4378 cum
1319 4319 1423 4377 usuris
1444 4325 1477 4378 et
1501 4321 1600 4395 imper·

329 4397 375 4476 (1)
389 4397 427 4457 L.
453 4395 502 4470 16,
518 4397 563 4456 De
571 4399 660 4473 prio.
674 4397 851 4466 credit.;b.
864 4397 914 4468 32,
971 4397 1026 4468 eis,
1044 4397 1070 4455 si
1091 4413 1168 4472 queo
1189 4399 1350 4470 debentur,
1374 4398 1497 4475 penitus
1517 4397 1567 4458 fuer
1579 4397 1598 4455 it
1650 4422 1655 4431 ·

270 4475 487 4539 Deretauot.
499 4477 602 4537 tudio.
613 4476 914 4554 poss.;O.G.,2092,
971 4477 1157 4538 extinctum.

269 4557 548 4631 2093‚2094;1t.‚
567 4557 656 4630 1048,
674 4557 763 4629 1949,
784 4557 871 4619 1950.
