3400 5132
266 192 333 263 598
380 213 470 263 arnan
485 218 532 265 ur.
547 235 568 246 -
581 217 698 264 rnncr.
716 217 751 264 u.
769 217 833 265 mr.
853 217 908 264 vn.
927 216 967 264 uc
979 193 1155 265 cournacr.
1174 217 1321 264 carnosis
1338 217 1370 264 ru
1387 217 1498 264 srucm

267 317 333 386 Sed
356 339 427 389 non
452 291 652 410 prohibetur
673 322 810 408 emptor
823 318 909 388 alios
930 318 1118 389 licitatores
1141 324 1300 389 avertere
1324 339 1426 410 prece
1442 315 1612 404 adhibita,

269 443 358 514 quae
397 423 682 516 communissima
714 425 781 514 (5),
818 423 927 496 immo
962 431 998 496 et
1034 430 1134 514 paeto
1175 443 1256 494 cum
1292 424 1344 494 eis
1377 423 1488 511 inito,
1525 444 1613 514 quae

268 531 489 602 communior
504 532 574 620 (6),
599 529 743 602 etmihi
766 531 894 617 verior,
919 530 1093 600 sententia
1116 537 1181 617 est,
1206 529 1288 622 quia
1310 529 1393 600 iicet
1414 529 1482 600 sibi
1506 529 1613 622 stipu-

270 635 333 706 lari
356 637 447 728 quod
470 637 570 708 alteri
593 637 794 726 promittere
818 637 910 708 licet.
938 643 981 707 ut
1001 659 1047 708 ex
1076 639 1227 724 diverso,
1252 659 1361 730 aequa
1386 639 1502 726 lance,
1530 659 1614 708 veu-

272 740 364 812 ditor
386 742 470 813 alios
494 744 536 813 ad
560 743 774 834 emptionem
797 745 996 834 pertrahere
1019 765 1090 814 non
1115 744 1326 834 prohibetur.
1350 747 1396 814 At
1418 743 1542 814 neutri
1565 745 1614 815 ias

266 853 334 934 est,
360 848 494 937 siquid
528 849 670 940 opinor,
702 871 913 942 quemquern
937 871 1138 936 removere,
1170 856 1232 920 aut
1266 849 1469 940 pertrahere
1497 849 1612 920 obtata

270 954 431 1044 pecunia,
455 956 581 1048 quippe
615 957 729 1026 omnis
752 955 806 1028 vis
828 962 865 1026 et
887 955 975 1026 ratio
1009 955 1277 1027 subhastationis
1308 961 1611 1048 eormmperebrr;

270 1063 337 1136 nisi
360 1067 449 1135 torte
472 1072 610 1157 emptor
632 1065 665 1135 id
699 1064 807 1137 iaciat
828 1065 871 1136 ad
905 1063 1143 1135 redimendam
1178 1064 1403 1136 vexationem
1438 1064 1609 1157 iniquam,

271 1171 361 1261 quod
396 1171 538 1262 planum
561 1177 633 1260 est,
659 1177 720 1243 aut
753 1171 927 1258 venditor,
953 1177 992 1240 ut
1016 1191 1070 1242 res
1105 1170 1215 1262 pretio
1237 1171 1360 1241 saltem
1394 1169 1521 1240 intimo
1559 1191 1612 1240 ve

271 1282 379 1347 neant
405 1279 465 1366 (7),
490 1277 581 1368 quod
604 1283 658 1347 est
679 1277 865 1368 probabile.
893 1277 1053 1348 Decursis
1079 1276 1198 1364 hastis,
1223 1278 1251 1347 si
1274 1277 1425 1347 licitatur
1460 1278 1610 1366 pretium

269 1401 291 1452 a
315 1382 400 1452 viris
434 1382 554 1472 peritis
579 1383 643 1472 (uti
665 1385 802 1471 assolet)
828 1382 1010 1454 definitum
1043 1382 1210 1474 attigerit,
1234 1383 1364 1472 emptio
1387 1388 1424 1452 et
1455 1382 1611 1452 venditio

159 1551 168 1562 ,
271 1490 425 1579 perfecta
447 1493 515 1577 est;
541 1511 561 1558 a
584 1510 652 1580 qua
675 1489 819 1579 proinde
841 1490 932 1559 ultro
955 1489 1089 1560 citrove
1110 1490 1268 1560 recedere
1292 1487 1470 1559 nonlicet
1496 1487 1611 1576 (8).1n

272 1594 530 1666 venditionibus
552 1597 748 1666 huiusmodi
771 1603 910 1668 cessant
932 1595 1037 1667 laesio
1055 1599 1115 1686 (9),
1133 1603 1169 1666 et
1191 1596 1415 1668 redhibitoria
1431 1597 1519 1685 (10).
1539 1600 1611 1666 tion

272 1704 358 1773 item
374 1703 520 1791 evictio;
545 1705 604 1774 sed
627 1703 838 1796 quaestionis
853 1709 918 1790 est,
936 1725 973 1774 re
996 1703 1160 1790 evictas
1184 1725 1350 1796 quonam,
1368 1726 1414 1774 ex
1437 1707 1516 1774 ΝΝ.
1537 1709 1609 1788 10,

273 1813 423 1902 pretium
446 1811 492 1882 sit
515 1810 767 1882 restituendum
791 1811 938 1902 emptori
961 1811 998 1880 in
1022 1817 1148 1883 coactis
1173 1811 1452 1882 venditionibus:
1479 1811 1611 1881 adebi-

272 1925 348 1989 tore
372 1941 416 1989 ne
442 1919 553 2005 (cuius
576 1937 630 1989 res
652 1917 790 2008 veniit),
809 1919 865 1988 cui
889 1940 1014 2010 nempe
1037 1919 1162 1989 solutio
1186 1919 1328 2009 profuit,
1345 1926 1386 1989 ut
1409 1919 1496 1989 clim
1523 1921 1608 2008 (11),

271 2047 318 2096 an
342 2047 362 2096 a
386 2025 567 2110 creditore,
585 2025 682 2117 quasi
706 2023 737 2094 ei
763 2045 823 2114 per
843 2043 1011 2109 errorem,
1030 2031 1066 2094 et
1088 2023 1163 2094 sine
1179 2043 1283 2094 causa
1306 2027 1485 2096 solutum?
1499 2029 1538 2094 et
1552 2026 1610 2096 hoc

335 2403 381 2486 (5)
402 2408 434 2467 S.
458 2407 567 2486 Alph,
590 2405 646 2477 ΙΙΙ,
670 2407 740 2477 808,
764 2408 793 2467 d.
820 2407 854 2480 13
870 2405 913 2466 H.
970 2413 1034 2468 tem
1061 2409 1193 2482 infimo:
1211 2424 1319 2484 nempe
1340 2409 1471 2470 deducto
1487 2412 1609 2480 triente,

274 2489 329 2557 A„
350 2487 390 2557 X,
416 2486 483 2546 176.
970 2489 1061 2562 prout
1083 2486 1114 2544 iu
1135 2487 1225 2545 rebus
1247 2493 1355 2564 sponte
1376 2489 1507 2550 oblatis.
1524 2491 1566 2550 Et
1582 2508 1613 2550 rc

334 2565 380 2646 (0)
402 2568 439 2627 Ρ.
456 2567 607 2640 Narem,
624 2565 671 2626 De
685 2567 784 2637 Rest,
798 2565 868 2627 Lib.
884 2565 915 2639 3,
971 2565 1093 2641 quidem
1123 2581 1201 2625 vere
1229 2567 1323 2627 multi
1344 2585 1384 2628 ex
1414 2569 1546 2629 Nostris
1567 2572 1613 2629 do·

274 2645 917 2723 03ρ.2,η.8;1)ἰαη.,Τ.1,Ι)ε000036-

276 2727 392 2797 80170,
405 2728 508 2803 ibique
524 2727 684 2804 Reginae,
701 2727 799 2804 Vaga,
816 2726 917 2788 Villa·

275 2806 350 2878 lob.,
364 2809 490 2876 Bonae,
508 2806 649 2883 Rodrig„
661 2809 773 2884 Arag.;
786 2806 917 2876 Bellen,

275 2887 312 2947 Τ.
322 2887 379 2962 III,
389 2888 467 2959 30ος
481 2887 624 2959 Schmk„
636 2887 678 2957 II,
690 2885 779 2960 1122,
789 2887 915 2961 aliique.

276 2967 361 3026 Haec
382 2967 537 3026 sententie
559 2967 591 3026 S.
615 2968 708 3045 Alph.
728 2965 764 3046 (l.
778 2985 818 3037 c.,
832 2967 861 3024 d.
878 2965 916 3036 23

276 3049 329 3122 qui
344 3065 399 3123 pro
413 3064 446 3106 sc
460 3065 518 3106 uou
533 3047 608 3105 bene
623 3047 730 3107 laudat
748 3045 916 3122 hugonem,

276 3127 393 3198 XXVI,
421 3126 472 3209 45)
493 3125 638 3200 displicet
658 3128 730 3202 quia
761 3127 915 3194 venditor,

275 3224 346 3266 cum
360 3207 404 3266 sit
425 3207 580 3282 expositus
594 3206 731 3283 periculo
744 3205 918 3266 distrahen-

276 3289 333 3345 dae
354 3285 402 3344 rei
423 3302 495 3343 suae
516 3287 623 3360 quanti
645 3287 777 3358 minimi,
797 3287 844 3346 ius
865 3285 919 3343 ha·

277 3367 329 3425 bet
357 3364 484 3439 nequis
513 3381 597 3441 spem
619 3365 677 3441 ipsi
707 3365 821 3442 eripiet
850 3383 919 3424 eam

273 3443 917 3521 quentiplurimidistrahendi.Sedquidui,

275 3525 374 3600 quoad
396 3528 577 3602 emptorem,
600 3526 726 3584 contrat
746 3525 846 3584 Porro
867 3526 919 3600 qui

278 3607 407 3680 rogatus
436 3605 475 3662 ab
504 3609 653 3681 emptore,
683 3609 717 3664 et
746 3604 798 3680 qui
830 3609 919 3681 pecto

275 3699 346 3742 cum
362 3699 397 3741 eo
418 3683 496 3743 inito
517 3685 555 3742 eb
572 3683 662 3742 hasta
683 3685 812 3756 recedit,
836 3689 919 3743 uter·

275 3781 334 3839 que
349 3763 457 3823 volens
478 3763 614 3833 recedit3
630 3767 684 3823 eut
705 3762 804 3839 igitur
834 3763 865 3822 in
887 3783 920 3823 u·

278 3847 387 3916 troque
402 3861 474 3903 casu
495 3843 532 3903 fit
546 3842 661 3902 iniuria
683 3842 849 3912 venditori,
866 3847 920 3904 aut

279 3922 310 3980 in
331 3927 451 3982 neutra.
474 3925 636 4002 Repouunt
667 3920 764 3982 forte:
790 3923 843 3998 qui
871 3940 920 3982 ro·

278 4005 370 4078 gatus
399 4003 548 4071 discedit,
572 4004 675 4062 redire
702 4006 734 4062 et
758 4001 849 4061 liceri
870 4021 920 4080 po-

278 4084 353 4154 test,
382 4083 434 4156 qui
465 4087 616 4160 expecto
646 4100 703 4141 non
725 4082 815 4143 item:
840 4083 920 4142 haud

278 4160 326 4219 ita
346 4177 438 4234 sane3
459 4163 574 4222 etenim
596 4168 720 4238 pactum
747 4162 921 4222 huiusmodi

279 4238 307 4297 si
329 4239 531 4312 licitumst,
554 4242 709 4303 iustitiam
730 4259 788 4301 non
811 4242 918 4315 laedit,

277 4317 308 4376 si
328 4319 489 4395 illicitum,
506 4339 564 4381 nou
586 4328 683 4382 tenet.
701 4323 775 4382 Dixi
797 4325 834 4382 io
850 4325 920 4398 foro

972 2649 1054 2714 cent,
1086 2643 1113 2704 si
1144 2645 1279 2721 pretium
1310 2648 1444 2707 medium
1477 2651 1523 2709 sit
1547 2649 1612 2721 lm,

970 2725 1106 2800 pretium
1135 2724 1275 2786 infimum
1306 2727 1377 2786 heic
1396 2745 1466 2788 esse
1496 2729 1548 2802 50,
1571 2747 1614 2789 su·

970 2820 1108 2880 premum
1131 2803 1189 2866 150
1209 2805 1261 2886 (V.
1278 2807 1391 2876 Diana,
1414 2809 1470 2867 Το.
1492 2809 1519 2880 Ι,
1539 2813 1561 2869 t.
1577 2827 1613 2878 c,
1670 2804 1676 2813 '

971 2885 1076 2944 Resol.
1100 2883 1157 2958 553
1180 2884 1277 2962 Lugo,
1301 2888 1416 2958 XXVI,
1441 2886 1507 2968 45).

1031 2963 1077 3044 (8)
1099 2966 1157 3025 Sed
1180 2966 1211 3026 in
1225 2965 1457 3028 venditionibus
1478 2987 1614 3030 pecema-

972 3043 1030 3103 riis
1052 3045 1133 3106 inest
1147 3046 1296 3122 quaedam
1316 3047 1402 3122 quasi
1416 3049 1565 3110 addictio
1582 3051 1613 3107 in

973 3124 1071 3184 diem.
1095 3125 1212 3203 Nempe
1233 3130 1268 3186 ut
1289 3128 1404 3204 emptio
1425 3133 1530 3204 firma
1552 3147 1614 3188 mu·

972 3212 1061 3274 neat,
1082 3205 1143 3265 nisi
1173 3205 1255 3264 elius
1276 3203 1360 3264 iufra
1385 3215 1508 3268 certam
1538 3211 1613 3268 diem

972 3284 1133 3344 meliorem
1153 3276 1537 3350 conditionemobtulerit.
1554 3287 1613 3347 Hac

973 3365 1072 3442 igitur
1103 3365 1218 3437 oblata,
1248 3365 1336 3440 prior
1366 3369 1484 3444 emptio
1518 3369 1614 3428 condi-

972 3447 1057 3506 tione
1088 3445 1276 3516 resolvitur3
1299 3463 1355 3503 nec
1376 3449 1559 3520 reviviscit,
1580 3449 1615 3508 li·

973 3527 1023 3583 cet
1043 3523 1199 3600 posterior
1220 3527 1319 3584 irrita
1340 3527 1469 3586 subinde
1488 3545 1615 3606 pronun·

973 3604 1057 3762 obe-lt?
1083 3601 1180 3664 fuerit
1200 3604 1248 3684 (0.
1272 3606 1363 3665 Proc.
1388 3606 1443 3679 Ic,
1466 3607 1544 3682 6743
1565 3611 1612 3676 G..

1032 3759 1078 3840 (0)
1099 3763 1133 3824 O.
1157 3765 1215 3836 G.‚
1241 3765 1335 3836 16843
1359 3764 1419 3838 lc..
1449 3765 1541 3828 1308.
1564 3769 1611 3839 Et,

974 3845 1041 3902 iure
1062 3843 1176 3919 patrio,
1200 3853 1303 3904 cessat
1332 3844 1364 3903 in
1388 3847 1524 3923 publicis
1551 3848 1615 3906 sub-

973 3923 1203 3983 hastationibus
1212 3924 1465 4002 quibuscumque,
1475 3927 1613 3988 licetnou

956 4008 1086 4080 ‘egeant
1099 4005 1225 4064 decreto
1246 4004 1357 4064 iudicis
1369 4003 1447 4085 (Git.
1464 4011 1502 4067 Α.
1529 4007 1613 4078 1308,

973 4081 1169 4302 §.l-{ioqui
1182 4163 1218 4224 u.
1238 4164 1265 4237 1,
1282 4165 1301 4240 5
1321 4164 1539 4238 100113,οο
1557 4167 1615 4225 Ae-

973 4243 1061 4303 dzlzt.
1110 4245 1206 4313 dicte
1219 4245 1253 4306 0.
1270 4245 1322 4317 (1.,
1341 4243 1509 4318 164931c,
1530 4245 1612 4308 1506.

1032 4323 1099 4403 (11)
1119 4323 1156 4384 L.
1176 4324 1224 4396 13,
1240 4326 1273 4386 0.
1290 4323 1337 4384 De
1357 4325 1523 4386 Evicticn.
1538 4327 1613 4387 Nem

279 4400 518 4470 conscientiam·
532 4403 629 4478 quoad
650 4406 825 4475 externum,
841 4421 872 4462 v.
885 4404 918 4465 O.
970 4407 1076 4480 pretio
1101 4403 1257 4464 liberatus
1279 4413 1327 4463 est
1345 4405 1395 4483 (L.
1414 4407 1467 4478 74,
1490 4408 1509 4482 ἓ
1533 4405 1559 4477 l,
1580 4403 1611 4463 ri.

281 4475 389 4549 Poem,
413 4482 484 4541 Art.
508 4481 577 4542 200.

340 4557 386 4636 (7)
399 4560 438 4620 V.
454 4562 632 4637 Reginam„
649 4561 750 4632 XXV,
766 4560 838 4621 231.
854 4563 922 4623 Sel·

975 4481 1083 4562 dod).
