3404 5126
468 283 571 332 carur
595 281 618 332 r.
645 285 684 330 66
708 283 841 330 acrraus
864 284 1012 330 rneusnrs
1340 265 1405 335 257

66 379 352 450 contrahentibus
374 380 527 470 perlegat
550 381 739 470 (publicet),
765 401 883 450 coram
910 379 1067 450 testibus:
1093 387 1200 472 utque
1224 402 1346 452 omnes
1373 384 1405 452 ei

64 503 145 552 eum
169 482 306 554 notario
329 482 559 571 subscribant,
578 485 657 554 etsi
673 487 832 569 testator,
851 489 912 552 aut
929 485 1176 553 contrahentes
1191 483 1405 556 subscribere

63 589 235 676 nesciant,
260 596 322 660 aut
345 597 533 683 nequeant,
559 591 662 661 buius
685 590 734 660 rei
758 597 794 661 et
816 591 949 660 mentio
973 591 1143 680 iacienda,
1170 597 1206 662 ct
1229 595 1322 662 rutro
1353 593 1404 664 in·

64 700 260 766 strumento
283 696 321 765 in
345 695 418 786 ipso
441 696 668 786 exprimenda
691 701 745 766 est
762 697 822 785 (1).
848 697 1015 786 Amplius,
1034 697 1151 768 omnia
1168 719 1212 768 cx
1236 699 1311 770 iure
1327 707 1404 771 acta

63 800 170 872 luisse
193 821 238 871 cx
262 801 496 872 instrumento
519 823 685 892 apparare
708 801 822 888 debet,
848 821 920 871 non
944 800 1041 889 alias,
1066 824 1132 874 nec
1155 802 1256 874 aliter
1274 806 1334 892 (5).

7 903 8 908 ’
121 909 201 980 315.
228 911 335 978 hctus
356 909 414 1002 qui
439 909 615 1000 publicum
643 911 917 979 instrumentum
949 909 1159 994 desiderant,
1195 910 1224 980 si
1259 911 1405 1002 privatis

62 1014 306 1086 instmmentis
329 1015 569 1105 comprehensi
593 1015 735 1104 luerint,
762 1015 819 1085 vel
843 1014 1000 1104 publicis,
1026 1015 1172 1086 sednon
1190 1016 1265 1086 iure
1288 1017 1401 1104 iactis,
1470 1079 1472 1082 .

7 1119 9 1126 '
61 1144 121 1214 pro
144 1123 286 1194 iniectis
308 1123 482 1194 habentur
500 1123 559 1212 (t).
586 1119 735 1207 Scilicet,
760 1121 848 1190 baec
873 1121 1107 1194 instrumenta
1140 1120 1242 1191 bodie
1266 1143 1337 1192 non
1361 1123 1404 1192 ad

7 1231 8 1302 Q
61 1231 171 1300 solam
195 1229 448 1320 probationem,
474 1233 514 1298 ut
535 1228 631 1313 olim,
657 1227 716 1296 scd
739 1231 775 1296 et
797 1226 840 1296 ad
865 1228 1028 1312 formam,
1054 1229 1163 1295 immo
1185 1225 1229 1295 ad
1253 1229 1403 1297 formam

6 1343 12 1416 ῗ
47 1357 142 1410 curn
166 1336 300 1428 primis,
326 1335 519 1426 pertinent:
547 1333 667 1422 fortun
691 1338 809 1402 autem
834 1337 887 1401 est
909 1353 1001 1422 punc
1015 1332 1078 1401 dut
1101 1352 1170 1400 esse
1186 1336 1241 1402 rei
1255 1355 1321 1402 nec
1336 1333 1404 1404 alio

61 1445 185 1536 quovis
209 1450 290 1514 actu
305 1445 363 1512 vel
378 1443 613 1512 instrumento
628 1442 761 1510 formae
776 1439 946 1523 deiectus,
962 1438 1127 1528 suppleri,
1145 1439 1260 1509 sanari
1277 1444 1401 1530 potest;

6 1593 8 1642 5
61 1575 273 1647 quamquam
297 1551 485 1634 interdum,
511 1549 539 1618 si
563 1551 680 1638 postca
705 1547 837 1638 impleti
862 1545 996 1615 luerint
1021 1545 1075 1634 ((16
1098 1566 1166 1637 quo
1182 1547 1302 1636 serius)
1321 1568 1403 1617 con-

61 1661 243 1730 valescunt
260 1659 319 1748 (b).
347 1654 591 1740 Nihilominus,
617 1653 645 1724 si
668 1653 826 1724 omnium
842 1650 1128 1722 contrabentium
1144 1651 1402 1744 subscriptioni-

61 1769 122 1836 bus
146 1769 286 1836 munita
314 1764 457 1848 fuerint,
487 1761 615 1853 privati
646 1759 885 1845 instrumenti,
922 1779 982 1828 seu
1012 1761 1212 1846 scripturae
1242 1760 1316 1830 vim
1340 1761 1399 1832 ba-

61 1877 142 1945 bent
168 1873 228 1962 (6).
257 1877 298 1942 ut
320 1873 407 1941 baec
429 1869 542 1962 quoad
564 1869 679 1938 iorum
702 1873 901 1938 externum:
930 1865 1024 1958 quod
1047 1865 1091 1934 ad
1107 1865 1299 1952 internum,
1322 1867 1403 1939 vide
1496 1865 1500 1872 ’

62 1971 213 2062 Pml.,‘§
230 1976 307 2068 115.

118 2084 198 2160 tlt.
232 2081 389 2151 Vidimus
411 2098 500 2172 quae
534 2079 668 2148 actibus
702 2077 814 2148 inesse
844 2075 1007 2160 debeant,
1041 2075 1117 2144 sive
1146 2075 1400 2164 substantialia,

59 2188 130 2259 sive
154 2186 338 2260 solemnia.
365 2191 471 2256 Porto
494 2183 586 2253 uidit
609 2193 728 2255 actum
751 2203 820 2251 esse
848 2182 1036 2266 credimus,
1061 2180 1147 2248 dum
1171 2181 1308 2272 aliquid
1339 2183 1401 2253 ad-

59 2295 217 2364 dendum
239 2303 400 2382 superest
412 2293 471 2382 (7).
497 2290 586 2375 Quid
610 2289 714 2380 igitur
736 2289 765 2358 si
789 2287 936 2358 dubium
961 2285 1018 2373 sit,
1050 2307 1094 2356 ne
1125 2287 1207 2378 quid
1239 2287 1400 2376 deluerit,

57 2403 128 2474 sive
153 2423 201 2472 ax
224 2402 304 2485 iltis,
330 2399 405 2468 sive
428 2419 473 2470 cx
497 2397 571 2468 bis?
594 2401 639 2466 nt
663 2397 691 2466 si
707 2393 855 2465 dubium
881 2393 994 2484 quoad
1019 2413 1270 2462 6666666666
1286 2414 1402 2464 versc-

5 2531 6 2536 ’
57 2516 124 2596 tur,
162 2507 246 2600 quia
286 2508 373 2576 baec
403 2505 607 2596 regulariter
636 2505 754 2574 deesse
790 2522 861 2571 non
894 2499 1021 2585 solent,
1056 2499 1150 2570 valet
1177 2499 1255 2568 heic
1284 2499 1401 2589 regula

58 2617 226 2686 indubio
260 2635 363 2683 omue
393 2612 546 2702 facturn·
558 2613 804 2700 proesumit-ur
834 2617 926 2676 recte
957 2605 1093 2694 fuctum
1125 2605 1253 2695 (Prol,
1280 2614 1299 2688 ἓ
1324 2607 1399 2694 lto,

6 2759 7 2762 ¹
60 2743 95 2792 n.
119 2724 194 2808 (61).
221 2722 280 2792 Sin
303 2720 416 2813 quoad
439 2741 606 2802 socruum,
624 2716 704 2809 quia
721 2718 806 2786 haec
823 2713 996 2785 accedunt
1011 2713 1240 2798 extrinsecus
1258 2718 1294 2783 et
1308 2713 1402 2784 aliud

59 2829 194 2900 lactum
209 2827 441 2912 constituunt,
458 2825 498 2895 lit
513 2827 609 2896 locus
624 2822 773 2912 regulae:
792 2821 928 2910 fuctum
954 2839 1028 2888 uon
1049 2821 1306 2906 praesumitur,
1330 2823 1403 2889 uiri

59 2939 226 3027 probetur
256 2933 321 3024 (8);
347 2953 383 3004 v.
410 2954 464 3018 c.,
489 2937 607 3001 utrum
631 2949 686 2999 res
715 2923 1061 2998 minorisvenierint
1083 2945 1127 2994 ex
1151 2925 1290 2995 decreto
1315 2925 1401 2994 iudi·
1446 2959 1448 2964 v

5 3031 6 3036 ¹
60 3044 126 3130 cis,
152 3043 212 3113 vel
235 3061 291 3111 res
314 3039 486 3110 Ecclesiae
509 3058 553 3110 ex
576 3053 747 3105 consensu
769 3029 962 3117 ordinarii,
989 3029 1045 3098 vel
1076 3033 1108 3100 S.
1135 3029 1230 3100 Sedis
1256 3031 1316 3120 (9).
1342 3029 1401 3100 Ni·

5 3253 6 3256 *
62 3286 164 3350 exteri
186 3283 252 3364 (sed
274 3283 314 3342 V.
332 3283 365 3342 0.
383 3277 530 3357 (1.,980);
554 3281 704 3337 61616666
757 3277 893 3332 testator
914 3269 1124 3347 praesumitur
1139 3268 1397 3408 inritusSToull„

63 3367 134 3438 sint,
159 3369 193 3424 ct
213 3366 319 3422 aetate
340 3361 486 3430 maiores,
510 3357 620 3434 quique
635 3358 703 3415 sub·
757 3353 796 3421 V,
821 3351 890 3423 191,
916 3351 984 3422 199,
1007 3348 1078 3422 439;
1102 3350 1248 3421 Ducant,
1288 3351 1328 3423 X,
1345 3349 1397 3422 993

61 3447 199 3507 scribere
220 3442 332 3501 661661.
357 3439 501 3501 Exclusis
516 3437 578 3506 his,
595 3437 703 3512 quibus
757 3432 866 3503 Zaclu,
888 3431 960 3501 670,
987 3449 1017 3489 n.
1040 3426 1105 3505 70).

62 3527 182 3586 iuribus
203 3522 351 3583 civilibus
372 3521 404 3580 16
425 3534 555 3598 poenam
583 3520 631 3575 est
658 3517 703 3575 in·
816 3510 862 3592 (3)
884 3510 1028 3583 zachar,
1052 3509 1123 3582 670,
1155 3527 1185 3568 6.
1217 3507 1266 3568 53.
1291 3510 1330 3569 V.
1355 3528 1396 3580 6.,

60 3606 229 3666 1661161666
251 3601 312 3678 (Ex
335 3602 369 3662 G.
392 3603 444 3672 (1.,
460 3597 532 3668 98ος
560 3596 614 3666 11,
629 3597 702 3668 788;
757 3595 941 3652 testatorem
956 3607 1030 3648 suae
1044 3589 1169 3660 mentis,
1184 3589 1234 3648 vel
1249 3589 1397 3665 analpba-

60 3685 98 3745 V.
121 3687 198 3754 hu„
222 3681 307 3760 592);
329 3687 362 3740 61
376 3678 493 3739 notarii
509 3677 703 3736 amanuensi·
757 3673 859 3730 batam
881 3689 959 3741 csse,
982 3673 1080 3730 166166
1101 3685 1173 3730 6666
1188 3669 1314 3739 6616116,
1336 3673 1397 3728 etc.

5 3799 6 3802 ¹
60 3768 114 3826 bus
148 3764 206 3824 cit.
230 3764 299 3821 Ah.
322 3759 394 3830 980,
418 3757 502 3836 788),
519 3761 574 3815 aut
588 3756 704 3815 studio·
817 3749 863 3828 (4)
885 3752 918 3811 0.
942 3751 993 3821 (1.,
1019 3749 1108 3823 1339;
1133 3749 1187 3820 11,
1214 3747 1301 3808 1310.

5 3765 701 3985 ψ1119·1(611111111153111111·
759 3829 863 3971 aad)
885 3833 919 3894 ⁰·
944 3830 999 3902 l’
1024 3829 1112 3904 ¹³¹0’
1131 3827 1396 3901 1311111

61 4001 594 4076 16166116166166661166661666,
612 4013 702 4071 regu·
816 3990 863 4073 (6)
884 3993 919 4053 (1.
943 3993 995 4062 (1.,
1020 3989 1118 4061 1318;
1145 3987 1206 4056 11,
1238 3985 1326 4046 1316.
1358 3986 1399 4046 ut

43 4085 189 4155 duriter,
212 4099 287 4158 opus
308 4085 368 4139 661.
758 4073 837 4143 ideo,
861 4072 888 4132 si
918 4075 1007 4129 actus
1037 4069 1159 4146 publico
1190 4070 1398 4126 instrumento

118 4163 165 4244 (2)
186 4161 281 4224 ExG.
305 4163 355 4232 (1.,
378 4157 450 4229 973,
472 4155 543 4230 974;
559 4155 614 4226 11,
629 4155 700 4226 779,
744 4169 816 4220 ,666
837 4155 942 4228 egent,
965 4147 1155 4208 6111666661.

61 4245 131 4306 780.
155 4244 245 4312 Quid,
270 4240 297 4300 si
319 4243 465 4309 testator,
490 4237 542 4296 rel
565 4253 641 4294 unus
662 4253 702 4294 ex
816 4229 864 4312 (7)
884 4227 920 4287 L.
947 4227 1118 4300 11,1611.,
1148 4227 1195 4286 116
1227 4227 1279 4285 ln's
1308 4225 1396 4302 quib.

63 4322 334 4390 contrahentibus,
370 4319 450 4378 falso
484 4315 700 4386 affirmaverit,
757 4319 796 4369 ut
817 4312 950 4382 indiqu.

63 4404 182 4464 6666166
204 4419 236 4462 66
258 4401 407 4470 scribere,
430 4395 482 4455 vel
504 4414 562 4456 non
592 4395 704 4472 posset
831 4393 850 4450 8
885 4393 918 4452 S.
942 4389 1052 4466 alpu,
1076 4385 1229 4458 111‚251.

816 4389 832 4551 d
849 4388 863 4550 ζ
883 4471 931 4531 Ex
952 4465 989 4528 L.
1015 4467 1065 4538 10,
1089 4469 1122 4528 (1.
1154 4469 1232 4526 Nou
1263 4482 1393 4525 numer.

62 4484 102 4543 Et
121 4484 301 4544 contractus
322 4478 443 4554 quidem
466 4476 571 4547 valet,
603 4493 640 4534 ne
670 4475 702 4533 (6
733 4475 738 4486 “
830 4472 850 4531 9

62 4567 218 4639 potestate
239 4559 306 4620 eius
327 4559 370 4617 611
385 4557 606 4616 contrahentes
621 4555 702 4614 deci·
753 4569 875 4628 666666.
886 4585 897 4596 -
908 4549 953 4607 Iu
968 4553 1042 4608 iure
1059 4548 1147 4606 uibtt
1158 4555 1213 4617 cst,
1234 4549 1304 4606 uisi
1313 4546 1397 4623 quod

63 4659 144 4718 poro:
168 4642 392 4701 testamcutum
420 4655 479 4695 non
511 4637 599 4708 item,
629 4633 702 4710 quia
757 4639 897 4710 apparet
916 4630 978 4712 (Ex
999 4629 1036 4689 L.
1059 4629 1110 4700 77,
1133 4627 1180 4688 Dc
1202 4627 1236 4687 C.
1260 4623 1328 4703 11,).

167 4825 344 4872 b'tnnnanu.
358 4825 504 4868 Summum
520 4823 606 4866 Theoi.
622 4829 691 4865 mor.
706 4817 762 4864 vol.
778 4819 810 4864 11.
1306 4811 1332 4854 lt
