3404 5134
109 281 126 342 .'
215 281 270 350 lt.
450 305 540 351 urana
564 307 586 351 1.
606 321 627 336 ·
643 305 759 352 raaer.
786 305 807 352 1.
835 307 874 352 ou
900 304 1084 352 vrnrurmos
1108 307 1305 352 ruaouoorors

107 413 109 416 ’
217 421 356 492 linitur:
386 425 541 492 Tristitia
571 423 613 490 de
643 424 729 492 dono
758 425 941 512 spirituali
969 425 1050 512 (tl).
1077 428 1115 492 ln
1147 423 1391 514 spiritualibus,
1420 425 1561 494 taedere
1615 449 1619 456 ·

217 528 367 622 aliquem
395 537 508 620 potest
538 529 708 599 bonorum
736 550 892 620 operum,
927 532 983 599 vel
1013 530 1093 622 quia
1123 552 1194 601 non
1225 539 1346 602 carent
1373 533 1488 603 labore
1519 552 1559 602 ac

13 643 56 714 1¹·
100 727 103 734 .
178 701 180 706 ,
218 637 388 723 molestia,
407 638 464 706 rel
487 643 627 727 propter
648 657 751 726 opera
774 637 859 726 ipsa,
884 638 939 706 vel
962 644 1102 728 propter
1125 643 1247 726 Deum,
1265 638 1365 729 ideqt,
1388 647 1561 732 quatenus

129 807 130 810 ,
158 767 160 772 ’
217 742 424 813 ordinantur
447 743 490 812 ad
514 749 634 816 Deum.
663 743 760 812 Prior
781 749 817 812 et
839 743 946 813 altera
970 765 1040 812 non
1064 750 1118 813 est
1140 743 1286 834 speciale
1314 744 1453 832 vitium,
1479 746 1559 838 quia

0 839 86 948 αἶα
110 873 111 878 ’
218 868 322 920 omne
347 849 472 920 vitium
496 850 623 940 refugit
646 855 721 919 tum
745 871 764 919 a
788 851 917 936 labore,
942 857 1019 920 tum
1042 871 1061 920 a
1085 851 1177 921 bono
1200 851 1341 922 virtutis
1361 853 1555 944 oppositae3

6 947 81 1048 αἱ,
216 957 277 1028 sed
300 957 403 1026 tertia
433 963 584 1026 tantum.
612 962 653 1026 at
682 955 762 1048 quia
790 956 908 1027 omnia
939 958 1029 1027 bona
1057 957 1263 1027 ordinantur
1285 959 1328 1028 ad
1360 965 1468 1030 Deum
1499 981 1560 1050 per

2 1049 63 1156 ‘fas‘
76 1125 85 1154 4
217 1063 402 1152 specialem
426 1062 606 1148 virtutem,
624 1083 712 1154 quae
735 1063 863 1132 dieitur
885 1063 1023 1148 caritas,
1041 1064 1089 1133 ita
1113 1064 1243 1134 accidia
1267 1071 1319 1134 est
1341 1063 1486 1155 speciale
1508 1064 1558 1135 vi-

98 1245 100 1250 .
216 1170 320 1256 tium,
345 1169 437 1260 quod
465 1169 650 1260 opponitur
677 1169 825 1240 caritati.
852 1175 1013 1262 Quaeque
1040 1169 1168 1240 ideirco
1191 1171 1372 1240 delinitur:
1402 1174 1557 1240 Tristitia

218 1277 260 1343 de
283 1276 368 1344 bono
392 1277 522 1346 divino.
550 1282 608 1346 Est
631 1277 742 1346 letalis
764 1299 809 1346 ex
831 1283 905 1347 toto
933 1299 1057 1366 genere
1080 1297 1158 1347 suo:
1189 1277 1427 1363 nihilominus,
1453 1298 1557 1346 exou-

217 1389 315 1451 satur
336 1381 500 1474 quamdiu
525 1386 644 1452 haeret
676 1384 842 1474 appetitu,
868 1389 903 1453 et
927 1405 997 1453 non
1022 1383 1186 1473 pertingit
1216 1405 1323 1476 usque
1346 1385 1389 1454 ad
1412 1404 1558 1455 eonsen-

217 1507 294 1563 sum
318 1489 509 1559 voluntatis
535 1491 615 1579 (ll).

74 1717 75 1722 ‘
276 1723 342 1808 (21)
356 1727 606 1802 mameae
622 1729 741 1801 ura,
758 1731 808 1800 35,
824 1731 855 1792 a.
972 1729 1037 1810 (22)
1058 1731 1095 1790 n.
1119 1732 1192 1804 ru,
1217 1733 1272 1801 ra,
1294 1749 1344 1792 αα.
1366 1732 1396 1803 2,
1420 1731 1450 1790 a.
