3404 5134
10 203 14 324 Ξ
588 237 776 316 ranornros
803 237 914 284 uuicos
1376 219 1419 288 69
1459 242 1466 254 ·

10 325 12 418 l
75 357 105 407 r.
130 358 180 423 o,
204 339 367 422 tactibus
393 338 584 430 colloquiis,
606 339 812 429 aspectibus,
830 361 901 410 non
926 340 1009 410 satis
1033 340 1200 410 convenit
1227 342 1312 429 (5⁶)²
1332 341 1418 412 mihi

10 419 17 560 )
74 445 322 516 affirmantium
345 445 519 515 sententia
555 445 700 516 omnino
723 447 842 516 verior
861 455 930 534 est;
957 447 1034 539 quis
1068 448 1162 516 enim
1190 454 1305 540 neget,
1331 437 1419 520 lraeo

10 565 15 640 l
73 551 307 622 reverentiam
342 553 489 638 laedere,
515 552 622 622 sacris
656 551 884 643 cumprimis
919 553 1002 624 locis
1037 553 1202 639 debitam,
1228 554 1418 625 dummodo

10 647 16 696 l
70 665 165 728 certa
189 659 247 728 illa
271 658 406 728 sintae
430 659 615 730 manifesta
644 661 736 748 (olla

10 697 14 816 i
128 764 193 834 Sed
219 764 312 854 piget
335 765 371 833 in
407 765 461 835 his
484 765 628 836 ulterius
663 765 853 852 immorari,
879 787 968 858 quae
992 771 1027 834 et
1060 765 1205 852 discere,
1231 773 1267 835 et
1293 767 1419 837 docere

71 870 303 957 periculosum
326 877 398 960 est,
424 871 466 941 ad
490 871 679 942 modestiae
703 871 871 942 virtutem
894 881 1124 942 transeamus.

10 979 13 1054 ξ
128 977 183 1045 76.
213 977 380 1048 Modestia
404 979 580 1068 passiones
609 979 756 1050 leviores
779 985 926 1049 coercet.
965 985 1059 1062 Quae
1083 977 1111 1048 si
1136 984 1296 1048 versatur
1322 977 1415 1048 eirea

69 1079 252 1154 interiores
276 1092 387 1171 actus,
403 1085 650 1171 tantilitatem,
669 1085 723 1154 sin
747 1085 839 1155 circa
856 1085 1065 1156 exteriorem
1089 1085 1235 1170 cultum,
1253 1085 1415 1154 honesta-

10 1237 12 1280 ,
71 1198 135 1256 tem
158 1191 263 1281 parit.
290 1191 485 1262 Humilitati
501 1192 687 1282 opponitur
711 1193 881 1283 superbia,
900 1213 988 1284 quae
1012 1199 1082 1261 est:
1102 1192 1337 1260 litardiaatus
1354 1211 1417 1279 ap-

10 1287 12 1344 ἵ
68 1299 195 1382 petitus
216 1301 388 1385 propriae
410 1299 653 1382 eacetteaaoe;
678 1299 773 1368 etin
797 1320 838 1368 ao
862 1321 942 1368 curn
966 1297 1085 1389 primis
1108 1297 1218 1386 posita
1242 1302 1306 1381 est,
1324 1296 1416 1388 quod

10 1421 12 1466 ζ
71 1423 138 1470 nou
166 1405 243 1472 salt
267 1408 335 1474 Deo
366 1413 398 1473 at
429 1409 502 1474 eius
527 1407 675 1494 rapotae
698 1406 821 1474 subiici
847 1405 934 1494 (68),
961 1412 1064 1496 atque
1088 1404 1177 1490 ideo,
1203 1425 1247 1472 ex
1271 1403 1336 1472 hoa
1360 1423 1417 1472 ca·

70 1506 147 1597 pitc,
166 1508 262 1579 inter
285 1509 403 1600 gravia
427 1519 581 1600 peccata,
600 1510 844 1600 gravissimum
860 1519 924 1580 est.
948 1515 1074 1581 Contra
1099 1512 1317 1581 honestatem
1338 1531 1415 1604 pec·

10 1683 12 1714 ,
69 1621 147 1682 eant
179 1615 355 1702 mulieres,
385 1637 486 1708 quae,
511 1625 636 1687 ornatu
669 1637 792 1707 parum
820 1617 994 1702 modesto,
1021 1616 1096 1686 aliis
1128 1616 1327 1688 luxuriandi
1358 1638 1417 1706 pe-

10 1757 12 1810 l
69 1720 217 1792 rieulum
234 1724 411 1812 praebent.
430 1731 503 1793 lloc
516 1731 699 1814 peccatum
720 1747 764 1794 ex
780 1724 933 1816 periculo
957 1723 1152 1794 huiusmodi
1169 1723 1284 1792 metiri
1300 1723 1414 1792 debet:

10 1817 12 1896 ζ
69 1825 141 1896 ideo
156 1829 227 1898 erit
242 1829 331 1916 leve,
350 1829 378 1900 si
395 1837 540 1900 utantur
556 1839 681 1901 ornatu
698 1832 881 1902 dumtaxat
897 1852 990 1900 vano
1007 1837 1067 1901 aut
1082 1829 1274 1920 superlluo;
1293 1849 1411 1924 grave,

10 1919 12 2012 Ῐ
70 1931 119 2003 sin
141 1936 297 2025 procaci,
323 1944 359 2004 et
382 1957 519 2026 prorsus
546 1937 755 2008 meretrieio.
783 1941 827 2008 lt
850 1939 877 2008 si
901 1937 998 2030 quasi
1023 1937 1136 2006 medio
1166 1936 1259 2004 inter
1281 1941 1415 2004 utrum-

10 2055 12 2128 ζ
69 2059 130 2130 que
156 2041 209 2131 (in
233 2062 313 2133 quo,
338 2042 483 2130 scilieet,
501 2065 571 2114 non
596 2044 685 2130 leve,
705 2066 771 2115 nec
794 2045 1092 2115 contemnendum
1117 2043 1308 2133 perieulum
1333 2061 1416 2111 con·

10 2171 12 2224 3
70 2145 226 2234 tinctur),
253 2157 293 2216 ut
315 2149 404 2236 illae,
429 2171 529 2242 quae,
556 2173 590 2220 ν.
628 2173 674 2236 c.,
703 2152 855 2236 brachia,
883 2153 940 2220 vel
971 2172 1086 2234 curra,
1112 2149 1168 2219 vel
1193 2149 1297 2218 ubera
1322 2147 1414 2216 nuda

10 2261 12 2348 ξ
71 2259 204 2340 gerunt,
222 2275 311 2346 quae
334 2255 432 2328 illum
455 2277 588 2328 morem
613 2257 851 2342 introducunt,
869 2257 961 2328 letali
978 2279 1049 2328 non
1073 2263 1219 2342 s⁷acant;
1237 2275 1325 2346 quae
1341 2254 1411 2324 iam

72 2356 268 2431 introducto
289 2369 449 2450 utuntur,
466 2384 511 2434 ex
528 2365 641 2453 patrio
665 2385 773 2450 more,
791 2365 1016 2434 deterrendac
1032 2365 1132 2434 abeo
1156 2362 1295 2455 quidem
1311 2365 1412 2446 sunt;

73 2465 216 2639 {adnisi
248 2461 382 2540 certum
406 2470 463 2556 sit,
488 2493 546 2541 eas
577 2491 650 2541 esse
674 2471 750 2540 aliis
779 2471 954 2556 scandalo,
981 2463 1052 2540 non
1084 2476 1166 2540 sunt
1196 2467 1417 2540 damnandae

10 2649 12 2680 Ι
85 2573 181 2644 etalis
207 2576 290 2663 (69).

10 2795 12 2942 )
365 2820 445 2891 dur.
473 2828 512 2891 ΙΙ.
542 2827 590 2890 lle
614 2821 824 2910 fortitudine
850 2833 882 2892 et
901 2823 1109 2912 prudentia.

10 3003 13 3058 l
124 3027 177 3095 7l.
207 3032 383 3096 Hactenus
405 3027 447 3098 de
477 3029 720 3120 temperantia.
745 3029 923 3100 Fortitudo
953 3039 1024 3100 est:
1059 3033 1172 3098 Virtus
1203 3049 1294 3120 qaae
1316 3029 1414 3099 eirea

73 3135 185 3204 ardua
209 3143 242 3203 et
265 3135 423 3226 difficilia
454 3141 545 3225 repit
569 3142 745 3223 altianum,
773 3160 817 3206 ae
837 3139 918 3227 plats
942 3160 1052 3228 oeqtto
1080 3138 1223 3224 audeat,
1250 3147 1314 3207 aut
1343 3157 1411 3203 me-

10 3225 12 3316 Ξ
73 3245 141 3308 tuot
166 3241 228 3329 (l).
249 3245 323 3310 Duo
348 3241 452 3330 igitur
474 3249 556 3312 sunt
579 3242 654 3312 eius
676 3243 806 3314 officia:
826 3243 975 3332 aggredi,
994 3251 1029 3312 et
1046 3242 1228 3312 sustinere.
1249 3241 1407 3332 Aggredi,

10 3343 14 3440 (
73 3365 190 3435 nempe
215 3347 344 3418 eximia
368 3356 404 3418 et
426 3351 545 3436 ardua,
572 3357 607 3420 et
637 3352 674 3420 in
698 3353 763 3422 hoc
786 3351 897 3420 utitur
927 3356 1237 3442 taragnauimitate.
1265 3351 1325 3423 Cui
1354 3373 1414 3444 op-

10 3465 12 3550 ξ
72 3453 218 3540 ponitur,
253 3456 312 3539 l⁰.,
338 3477 400 3546 per
436 3477 631 3544 excessum,
653 3462 905 3547 praeruruptis,
931 3481 1019 3551 quae
1043 3457 1167 3528 nititur
1196 3459 1232 3528 in
1256 3481 1296 3530 ea
1325 3481 1415 3552 quae

10 3551 15 3680 5)
73 3575 166 3648 supra
190 3561 284 3630 vires
308 3561 414 3652 ipsius
437 3570 537 3650 sunt,
563 3569 599 3633 et
623 3564 790 3650 audacia,
816 3585 904 3656 quae
929 3570 1060 3634 temere
1083 3583 1119 3634 se
1143 3565 1304 3654 perieulis
1327 3563 1411 3638 obii-

10 3693 15 3788 (
73 3663 130 3733 eit:
147 3667 218 3752 illa,
231 3665 444 3756 regulariter,
463 3668 510 3737 ler
521 3668 567 3757 is,
586 3669 688 3754 haec,
701 3691 746 3738 ex
762 3670 927 3760 periculo,
945 3669 1061 3758 grauis
1076 3676 1137 3739 aut
1153 3669 1258 3758 leris;
1276 3669 1339 3753 2⁰,
1353 3689 1417 3758 per

10 3811 12 3876 ἰ
73 3769 254 3860 deiectum,
272 3776 554 3864 pusillanimitas
576 3783 611 3845 et
636 3777 824 3846 timiditas:
842 3797 991 3870 quarum
1013 3779 1135 3862 altera,
1154 3799 1276 3867 parurn
1301 3775 1413 3846 fidens

10 3889 15 4004 i
73 3878 137 3949 suis
159 3881 305 3968 viribus,
323 3881 434 3952 cilicia
458 3882 512 3952 his
526 3903 662 3975 quoque
686 3882 780 3974 paria
804 3884 993 3972 detrectat,
1011 3885 1119 3954 altera
1136 3883 1253 3954 omnia
1273 3881 1414 3969 metuit,

10 4051 16 4136 L
128 4105 192 4186 (66)
212 4109 252 4168 V.
278 4109 310 4168 S.
335 4108 444 4185 Alph.,
468 4107 538 4169 461.
763 4110 967 4185 adspectent
989 4112 1171 4184 sacrilegii,
1193 4111 1340 4186 quidquid
1364 4131 1414 4172 re·

10 4147 13 4264 )
124 4187 188 4267 (67)
207 4189 305 4265 Lago,
332 4191 354 4249 l.
377 4205 457 4258 e.,a
485 4207 515 4248 n.
539 4189 615 4262 464ς
643 4191 707 4265 qui,
762 4191 938 4250 verentism
960 4191 1068 4262 laedit,
1089 4193 1138 4249 his
1161 4191 1238 4250 locis
1260 4192 1413 4254 debitam.

10 4287 11 4290 ¹
74 4265 143 4328 lieet
163 4269 194 4326 in
216 4271 403 4328 sententiam
429 4287 535 4328 eorum
564 4270 706 4342 inclinet,
821 4271 886 4348 (68)
908 4272 947 4330 V.
964 4272 1001 4330 D.
1019 4270 1091 4342 Tin,
1108 4271 1139 4341 2,
1155 4273 1187 4343 2,
1207 4269 1276 4342 160,
1296 4272 1410 4347 1,162,

74 4347 119 4419 qui
139 4353 258 4424 putant,
283 4349 450 4426 sacrilegio
473 4367 525 4408 eos
553 4350 636 4410 solos
662 4357 708 4410 te·
762 4366 811 4408 aa.
835 4351 866 4420 2,
891 4351 921 4420 5,
945 4351 974 4409 6.

74 4442 269 4568 attalia
290 4435 707 4587 ttlttatdlntaltt
820 4427 1407 4590 ltltlddltallialitii,

74 4581 164 4662 docet,
186 4589 345 4665 pertinere
376 4589 442 4666 ipso
470 4589 609 4650 naturali
638 4592 706 4650 iure
758 4607 788 4666 q.
808 4589 931 4668 l‚p.'1.
1498 4597 1504 4610 ’
