3434 5142
291 287 358 357 454
448 308 538 354 nens
554 307 601 354 ιιι.
616 324 637 338 -
649 309 766 355 rerer.
784 307 819 354 ιι.
838 307 901 358 ιιι.
919 308 963 354 ιιι.
983 307 1023 353 nn
1039 307 1274 402 pournnorrnne
1289 308 1477 356 nenorosus

292 413 455 484 debitoris
490 411 633 482 nomine
658 412 745 503 (18):
766 419 809 482 et
831 431 920 504 quoe
944 410 1112 502 impendii
1136 431 1178 482 ee
1200 417 1245 482 'ex
1269 410 1438 481 fructibus
1472 411 1628 502 deducit,

292 542 430 612 nempe,
456 521 484 591 si
507 523 570 594 hos
603 517 749 610 percipit
772 519 808 588 in
832 517 947 588 vioern
981 538 1180 605 usurarum,
1204 521 1322 591 omnin
1357 539 1511 611 protono,
1536 519 1631 610 qnasi
1696 463 1706 584 4

292 626 500 715 conductor3
525 627 554 698 si
577 627 614 696 in
638 643 761 696 usuras
783 625 882 717 quasi
905 625 1131 712 frnetnoriuo
1156 629 1188 714 (5
1215 627 1290 713 160,
1314 649 1352 697 n.
1378 628 1449 714 29),
1476 633 1629 697 extraor-

291 730 424 802 dinarie
447 737 598 804 tanturn.
618 736 778 804 Ceterum
794 731 831 802 in
847 735 1018 822 potestate
1041 751 1103 802 sne
1126 738 1179 802 est
1201 735 1245 802 ab
1266 732 1455 804 antichi-esi
1478 731 1630 824 qnando

291 861 440 931 eumque
470 840 664 926 discedere,
690 845 726 910 et
748 859 823 909 rem
852 858 915 908 sno
945 837 1086 909 domino
1110 839 1291 911 restituere
1309 841 1391 930 (19).
1418 837 1632 911 Antiehresio

291 947 425 1017 nullum
450 968 555 1038 penes
571 966 635 1018 nos
660 945 750 1016 reule
773 945 826 1016 ins
848 944 971 1014 tribuit
986 945 1167 1034 oreditori;
1185 952 1287 1038 etque
1303 947 1380 1018 ideo
1395 949 1472 1018 sine
1496 947 1634 1038 seriptis

281 1051 370 1122 iniri
394 1057 508 1144 potest
526 1053 613 1140 (90),
631 1059 667 1122 et
689 1051 802 1144 quood
823 1051 946 1122 tertios
967 1056 1022 1124 est
1035 1053 1132 1144 qnasi
1151 1073 1206 1124 res
1222 1053 1315 1124 inter
1337 1055 1421 1126 elios
1434 1061 1526 1125 'aete
1547 1057 1644 1144 (2¹),

737 1361 1051 1462 TITULUS
1079 1363 1176 1458 IX.

621 1531 687 1603 De
710 1531 1036 1606 contractibus
1055 1535 1298 1606 nlentortts

890 1706 1021 1728 m

347 1903 422 1974 545.
451 1906 533 1974 Alea
557 1907 732 1973 incertum
756 1903 928 1994 significet
952 1906 1018 1994 (i):
1044 1911 1244 1976 contractus
1266 1904 1372 1994 igitur
1393 1905 1584 1975 aleatorius
1601 1905 1631 1974 is

286 2007 424 2096 dieitur,
442 2029 511 2102 quo
528 2009 701 2080 incertum
725 2009 811 2080 lueri
828 2011 1019 2102 quaeritur,
1032 2017 1094 2082 eut
1115 2011 1233 2081 damni
1250 2010 1424 2080 incertum
1440 2011 1629 2097 avertitur,

246 2163 251 2172 -
285 2120 381 2186 certo
404 2115 525 2206 pretio.
553 2115 609 2185 Uti
632 2115 738 2206 igitur
760 2116 853 2187 licite
876 2115 956 2187 iniri
991 2117 1110 2208 possit,
1135 2137 1276 2188 neeesse
1310 2137 1391 2186 cunr
1415 2116 1540 2208 primis
1562 2125 1626 2196 est.

285 2228 325 2292 ut
347 2242 457 2315 neque
480 2223 526 2293 sit
548 2223 727 2316 utriusque
745 2224 983 2296 contrahentis
1007 2224 1177 2314 eonditi03
1195 2223 1352 2316 ideoque,
1370 2231 1411 2294 ut
1432 2225 1512 2296 alea
1531 2225 1629 2314 (idest

284 2331 439 2400 incertus
467 2332 627 2419 eventus)
653 2330 817 2424 utrinqne
852 2337 1023 2416 versetur,
1049 2337 1085 2401 et
1106 2338 1147 2400 nt
1168 2351 1278 2422 aequo
1301 2331 1348 2401 sit
1379 2331 1503 2401 dernni
1527 2331 1628 2402 aesti-
1703 2333 1710 2408 ⁴}

284 2433 404 2506 metio.
430 2441 534 2506 Porro
566 2439 778 2522 contractus
803 2435 862 2529 qui
885 2437 927 2508 ed
962 2437 1098 2507 lucnrm
1120 2457 1201 2508 oum
1233 2437 1353 2527 primis
1386 2438 1626 2530 quaerendum
1709 2415 1710 2440 ¹

282 2543 472 2633 pertinent,
498 2547 581 2612 sunt
610 2543 694 2628 ludi,
719 2549 755 2614 et
788 2544 1009 2634 sponsiones;
1034 2545 1094 2636 qui
1117 2543 1160 2614 ed
1193 2544 1360 2615 domnum
1387 2565 1470 2614 eum
1506 2544 1628 2634 primis

282 2647 528 2734 evertendum,
553 2655 636 2718 sunt
659 2649 951 2737 adseonrntiones,
976 2657 1012 2721 et
1034 2649 1194 2720 vitalitia.

610 2864 695 2932 Anr.
722 2867 747 2931 1.
775 2865 824 2931 De
853 2863 950 2932 Ludo
972 2871 1004 2932 et
1028 2863 1285 2952 Sponsiooibos.

344 3021 419 3090 1144.
447 3021 560 3090 Ludus
584 3026 620 3089 et
642 3017 846 3111 sponsiones
871 3026 955 3090 sunt
987 3026 1187 3092 contractus
1212 3019 1381 3106 eleuterii,
1405 3022 1533 3114 quibus
1568 3023 1624 3092 eli·
1708 3091 1710 3100 ,

280 3125 363 3216 qnid
397 3126 593 3217 deponitur,
620 3125 676 3198 vel
710 3125 937 3216 promittitur,
962 3147 1004 3198 ee
1026 3129 1112 3216 lege,
1138 3131 1178 3196 ut
1211 3126 1243 3196 ei
1269 3127 1371 3196 cedet
1403 3127 1460 3196 eui
1496 3129 1625 3199 iuverit
1708 3123 1710 3224 1

280 3252 366 3304 soro.
393 3239 436 3304 Et
470 3233 636 3322 emptioni
660 3239 697 3304 et
719 3233 912 3305 venditioni
936 3240 1078 3304 mutuae
1109 3233 1268 3324 proxime
1302 3233 1487 3317 accedunt,
1512 3237 1621 3306 utrin-
1708 3241 1710 3332 ξ

279 3361 346 3434 que
370 3339 464 3410 enirn
500 3340 628 3410 emitur
650 3361 727 3431 spes
749 3341 835 3412 lueri
867 3359 949 3411 oum
971 3341 1124 3430 periculo
1147 3341 1266 3411 domni
1290 3342 1351 3429 (t),
1377 3341 1489 3412 nnius
1519 3341 1624 3432 igitur
1708 3371 1710 3452 ζ

277 3447 464 3540 emptionis
487 3453 523 3517 et
558 3447 770 3519 venditionis
793 3464 850 3517 res
872 3454 925 3518 est
946 3449 1033 3534 elea,
1059 3446 1148 3517 idest
1180 3447 1309 3538 aliquid
1331 3448 1507 3518 incertum
1532 3449 1622 3519 ultro
1709 3463 1710 3504 1

277 3556 452 3648 citroque:
476 3559 631 3645 pretium
661 3575 745 3626 vero
768 3561 821 3626 est
841 3555 876 3624 id
904 3553 996 3647 quod
1018 3553 1213 3644 deponitur.
1240 3561 1283 3625 Et
1310 3555 1391 3645 quie
1413 3554 1491 3625 sine
1515 3577 1552 3625 re
1586 3560 1620 3626 et

278 3661 390 3752 pretio
414 3661 507 3731 nullo
532 3659 661 3752 emptio
685 3663 721 3730 et
743 3659 899 3730 venditio
922 3679 995 3730 esse
1019 3665 1133 3750 potest
1158 3661 1190 3750 (ἓ
1214 3659 1293 3746 448,
1318 3679 1355 3729 ιι.
1381 3661 1430 3746 9),
1455 3659 1486 3730 si
1509 3661 1618 3733 ineer-

276 3773 353 3838 tum
378 3766 575 3838 huiusmodi
606 3789 650 3838 ex
680 3787 751 3837 uno
774 3766 882 3836 latere
906 3765 1005 3853 desit,
1032 3766 1131 3853 idest,
1156 3765 1185 3836 si
1207 3786 1299 3839 nnus
1328 3775 1391 3838 aut
1420 3767 1619 3840 nullatenus
1708 3767 1710 3776 ⁴

279 3873 325 3943 sit
347 3873 518 3944 obnoxius
542 3873 695 3964 periculo
719 3872 850 3959 damni,
875 3877 937 3942 eut
960 3871 1077 3941 minus
1099 3871 1220 3958 altero,
1245 3874 1343 3964 quasi
1367 3893 1421 3943 res
1447 3875 1551 3962 desit,
1575 3896 1617 3945 ex

351 4085 389 4146 18
423 4083 457 4145 O.
482 4087 532 4156 (i.,
556 4083 652 4156 20863
676 4086 729 4158 It,
755 4085 844 4146 1892.
974 4082 1035 4142 lico
1055 4081 1116 4164 (Ex
1138 4087 1199 4146 art.
1219 4084 1307 4156 1941,
1332 4083 1439 4164 1942),
1462 4101 1503 4144 en
1519 4087 1619 4146 minus

351 4166 389 4227 19
416 4164 536 4240 Tropl.‚
553 4165 623 4237 5243
637 4166 743 4237 zach„
755 4165 825 4238 439,
842 4185 872 4224 n.
888 4165 915 4225 1.
972 4161 1024 4242 (ex
1040 4167 1079 4224 A.
1099 4163 1187 4235 1955,
1206 4163 1247 4244 1),
1264 4165 1423 4242 disputant
1444 4165 1470 4224 1.
1488 4165 1540 4226 G.:
1560 4167 1616 4244 ipsi

348 4245 388 4306 20
422 4243 573 4318 Mezzoni,
597 4245 652 4314 IV,
678 4245 745 4306 124.
972 4243 1121 4304 viderint.

347 4325 385 4384 21
422 4325 572 4398 Mannoni,
597 4325 665 4386 125.
690 4325 770 4386 Nam
797 4325 917 4386 nullum
1030 4321 1077 4404 (1)
1096 4325 1135 4384 V.
1160 4325 1196 4384 L.
1231 4323 1279 4397 13,
1302 4325 1350 4384 De
1376 4326 1417 4384 A.
1440 4325 1483 4386 E.
1508 4335 1541 4387 et
1567 4325 1615 4395 V,-

273 4406 413 4482 pignorrs
432 4404 481 4484 (G.
499 4403 554 4477 1t.‚
572 4405 681 4484 1897);
698 4405 917 4465 immoneoro·
971 4401 1006 4464 G.
1029 4407 1103 4474 An,
1128 4403 1217 4465 1267.

273 4483 422 4546 tentionis
431 4485 529 4559 quoad
539 4483 652 4544 tertios
661 4483 825 4565 (Matroni,
839 4485 861 4544 1.
872 4483 916 4566 o.)
1029 4482 1076 4564 (2)
1096 4485 1144 4545 Ex
1165 4485 1201 4544 L.
1218 4485 1248 4556 8,
1271 4484 1319 4543 De
1342 4483 1375 4543 C.
1391 4483 1449 4555 Ε.)
1462 4485 1503 4548 V.
1517 4485 1614 4564 Lago,

274 4563 915 4642 iuspraestet.Iureeommuniantiohresis
968 4563 1086 4638 XXXI,
1111 4563 1159 4636 13,
1182 4565 1231 4624 38.

273 4643 306 4704 in
326 4643 466 4721 pignoris
480 4659 572 4700 eausa
593 4648 641 4702 en
651 4649 666 4701 :⁴
676 4647 780 4702 utrum
796 4651 827 4704 et
842 4643 914 4704 oel-
