3434 5142
277 253 345 324 464
423 277 485 326 ιιι.
505 277 550 326 ιιι.
568 293 590 308 -
606 279 722 327 ιιιιτ.
741 279 776 329 n.
796 281 859 330 ιιι.
879 283 912 330 ι.
930 281 1266 342 autumnitanorum
1283 285 1384 333 srnru
1400 287 1478 336 erc.

743 594 1060 698 TITULUS
1087 601 1201 772 X..
1254 589 1259 600 ’

462 819 528 894 De
543 821 737 896 Iuribus
754 843 877 916 quae
894 830 1095 898 excoctu
1110 845 1428 918 personarum.

419 949 497 1020 rel
520 967 579 1019 ex
600 956 817 1040 suscepto
840 951 1003 1043 aliquo
1029 953 1181 1026 officio
1203 961 1474 1028 nascuntur.

857 1377 992 1447 CAPUT
1008 1381 1033 1446 l.

534 1551 574 1598 DE
590 1551 641 1598 uls
655 1549 738 1608 Quae
754 1549 938 1600 nascunwn
957 1555 999 1600 EX
1015 1553 1116 1602 STATU
1132 1554 1352 1618 PERSONARUH.

400 1747 481 1814 ber.
512 1747 538 1813 L
573 1746 620 1812 De
650 1743 854 1814 lucidaret
883 1743 1150 1834 cubicationem
1178 1766 1222 1814 ec
1251 1749 1494 1816 Matrimonia.

744 1911 763 1987 5
791 1905 820 1974 l.
848 1909 947 1974 Inter
969 1907 1146 1994 coniuges.

338 2101 413 2171 666.
441 2104 515 2170 ouo
538 2119 620 2170 cum
644 2097 765 2190 primis
787 2105 870 2170 sunt
891 2119 979 2191 quac
995 2099 1032 2170 in
1049 2100 1213 2172 societate
1229 2100 1365 2190 generis
1378 2101 1528 2171 humani
1543 2119 1617 2193 spe
1703 2089 1705 2186 ἰ

275 2205 378 2276 ciales
393 2203 619 2295 obligationes
630 2203 782 2296 pariunt:
800 2211 911 2275 status
926 2225 1165 2295 personarum,
1179 2213 1215 2276 et
1229 2211 1430 2296 susceptum
1446 2208 1613 2278 cilicium.

276 2317 411 2384 Statum
435 2333 662 2404 personarum
686 2312 863 2383 diversum
879 2311 1015 2392 faciunt
1030 2319 1168 2399 nabrra,
1186 2312 1317 2402 religio,
1335 2312 1499 2383 societas:
1517 2315 1562 2384 de
1576 2335 1615 2386 eo
1703 2349 1705 2416 p

274 2419 365 2510 quod
389 2439 434 2489 ex
450 2417 618 2508 religione
642 2419 753 2489 oritur
770 2417 884 2490 dicam
900 2417 992 2489 alibi.
1012 2423 1144 2489 Natura
1158 2417 1298 2510 prolluit
1312 2439 1358 2489 ex
1374 2419 1614 2492 matrimonio:
1703 2441 1705 2500 l

274 2547 320 2596 ex
342 2525 409 2595 boc
432 2529 553 2596 autem
569 2525 663 2596 inter
677 2525 854 2616 coniuges
872 2532 908 2595 et
929 2545 1010 2596 cum
1030 2523 1147 2595 liberis
1169 2524 1243 2594 iura
1259 2529 1295 2594 et
1310 2523 1543 2615 obligationes
1558 2547 1615 2598 na·
1703 2587 1705 2648 l

274 2639 431 2702 scuntur.
452 2631 624 2724 Principio
648 2631 754 2723 igitur
777 2631 1040 2704 matrimonium
1056 2631 1165 2701 initur
1181 2629 1294 2702 mutui
1309 2631 1474 2702 adiutorii
1498 2653 1614 2704 caum:
1704 2653 1705 2658 ’

273 2739 354 2810 inde
377 2745 431 2810 est
454 2739 547 2810 inter
569 2739 686 2809 virum
710 2745 747 2808 et
768 2757 915 2808 uxorem
938 2739 1108 2830 quaedam
1131 2737 1290 2824 societas,
1316 2757 1377 2808 scu
1394 2739 1514 2828 potius
1536 2759 1615 2810 con

273 2845 419 2916 sortium
443 2844 558 2916 omnis
580 2845 676 2914 vitae
694 2845 755 2933 (l):
781 2843 873 2914 unde
897 2843 1023 2934 triplex
1046 2843 1138 2912 inter
1153 2842 1316 2932 coniuges
1332 2840 1463 2913 iurium
1478 2851 1520 2914 et
1534 2843 1614 2916 obli·

272 2949 451 3042 gationum
474 2971 595 3042 genus;
620 2951 733 3044 quoad
756 2970 932 3042 personas,
958 2949 1071 3042 quoad
1093 2949 1197 3038 bona,
1222 2949 1336 3042 quoad
1359 2969 1499 3040 corpus.

334 3058 409 3127 661.
436 3057 556 3141 Quoad
575 3077 759 3148 personas.
785 3059 871 3127 Cum
895 3055 999 3146 igitur
1021 3054 1078 3125 vir
1099 3054 1144 3126 sit
1165 3061 1273 3145 caput
1293 3054 1471 3128 societatis
1493 3059 1614 3128 coniu-

273 3161 358 3254 galis
385 3165 502 3254 (Prot,
521 3171 540 3247 5
556 3163 612 3250 48,
631 3185 666 3233 n.
686 3164 734 3252 2),
753 3161 890 3250 mulier,
908 3168 949 3249 1.,
968 3180 1109 3232 neccsse
1125 3161 1242 3247 babet,
1259 3163 1476 3252 regulariter,
1497 3163 1613 3235 virum

272 3271 382 3362 sequi,
408 3271 436 3359 si
460 3269 489 3341 is
514 3270 599 3340 velit
613 3269 681 3340 alio
697 3269 912 3342 domicilium
928 3267 1117 3340 transferre
1135 3271 1197 3359 (2);
1215 3269 1272 3340 vol
1289 3269 1333 3340 ad
1348 3275 1488 3362 tempus
1504 3269 1611 3342 disce

272 3377 353 3447 dere
376 3397 421 3447 ex
440 3375 535 3474 iustu
557 3397 661 3448 causa
679 3379 740 3468 (3):
765 3383 823 3464 ll.,
847 3375 884 3447 in
908 3375 1020 3448 officio
1044 3374 1111 3446 viri
1134 3395 1207 3446 ease
1231 3375 1335 3446 debet
1350 3378 1412 3467 (4),
1436 3377 1498 3448 sed
1514 3379 1611 3472 quasi

271 3483 377 3570 socia,
403 3505 475 3556 non
497 3483 596 3576 quasi
620 3485 751 3554 famule
769 3486 830 3574 pl:
857 3489 904 3572 et,
929 3487 1002 3570 lll.,
1027 3483 1091 3554 sub
1118 3481 1186 3554 viri
1210 3483 1405 3554 obedientia
1433 3504 1512 3556 esse
1538 3487 1608 3576 (eit

273 3591 391 3678 §48):
418 3611 463 3660 ex
487 3589 552 3660 boc
575 3587 688 3679 capite
710 3589 740 3658 si
763 3589 796 3659 ei
819 3609 890 3660 non
914 3589 1131 3678 obtemperat
1152 3587 1190 3658 in
1220 3609 1258 3658 rc
1281 3587 1398 3679 gravi,
1431 3589 1508 3681 ipsa
1541 3611 1609 3662 nou

271 3704 368 3768 caret
383 3696 476 3768 letali
495 3698 556 3788 (6),
573 3702 610 3768 ct
625 3695 702 3767 viro
719 3694 854 3766 modica
873 3695 1037 3766 coercitio
1057 3693 1222 3786 permissa
1238 3703 1292 3767 est
1309 3697 1369 3787 (7).
1388 3701 1440 3768 Ειι
1456 3697 1607 3786 diverso,

331 3927 378 4008 (1)
393 3927 526 4000 uem„
540 3927 581 4001 11,
598 3927 648 4002 183
664 3927 742 4006 513,
759 3927 806 3989 De
816 3925 909 3988 Patr.
1025 3925 1073 4009 (5)
1093 3928 1222 4000 Senon,
1238 3929 1300 3999 M„
1321 3928 1377 4000 v1,
1398 3929 1430 4000 6,
1454 3927 1505 3991 14.
1523 3931 1605 3992 Etsi

271 4007 389 4068 Potest.
967 4010 1034 4087 ipsa
1055 4012 1104 4070 est
1124 4008 1223 4080 dives,
1246 4013 1302 4070 aut
1323 4009 1450 4080 nobilis,
1472 4029 1535 4070 non
1562 4028 1607 4070 co·

330 4087 378 4169 (2)
398 4087 447 4149 Ex
461 4087 506 4148 ·L.
530 4087 561 4160 5,
584 4087 683 4157 douc
704 4085 739 4148 G.
763 4089 815 4159 6.,
837 4087 908 4162 2143
966 4089 1053 4167 gitur
1067 4090 1228 4166 praestare
1242 4089 1312 4150 viro
1327 4105 1405 4168 quae
1419 4106 1495 4149 suae
1507 4089 1606 4168 digui-

271 4167 328 4238 Ic..
352 4167 422 4229 131.
446 4169 537 4229 Licet
558 4166 624 4228 eine
653 4183 745 4227 causa
765 4167 910 4249 (senon,
965 4169 1044 4230 tatis
1058 4183 1117 4227 non
1132 4171 1215 4242 sunt;
1231 4174 1266 4230 ut
1280 4186 1352 4229 occe
1363 4185 1498 4244 coquere
1511 4169 1602 4240 cibos,

270 4247 333 4320 M„
353 4247 379 4320 1,
400 4247 452 4321 41,
473 4247 518 4328 2)
540 4247 701 4308 dummodo
721 4265 800 4308 uxor
813 4249 912 4326 possit
965 4265 1094 4308 verrere
1114 4247 1237 4308 domum
1257 4253 1318 4310 etc.
1342 4247 1391 4330 (S.
1414 4247 1528 4326 Alpa..
1550 4247 1602 4320 111.

271 4345 341 4388 eum
362 4331 449 4405 sequi
469 4329 537 4388 eine
558 4326 666 4406 gravi,
695 4344 749 4388 seu
776 4325 909 4402 animae,
964 4325 1049 4408 352).

271 4425 325 4466 seu
346 4408 485 4488 eorporis
505 4406 694 4469 detrimento
714 4407 843 4488 (Salm,
858 4407 910 4481 24,
1037 4407 1057 4468 6
1092 4405 1205 4480 Salon,
1228 4405 1279 4479 24,
1302 4407 1332 4481 7,
1356 4407 1407 4470 58.

271 4485 301 4558 1,
323 4486 376 4560 613
398 4487 526 4560 sooch„
550 4507 580 4547 n.
604 4485 648 4566 4).
1075 4487 1123 4548 Ex
1144 4483 1181 4548 L.
1198 4489 1279 4559 ult.‚
1302 4487 1350 4548 De
1371 4487 1432 4566 0)).
1456 4489 1529 4548 eius
1549 4489 1602 4548 cui

344 4567 365 4626 3
388 4567 437 4628 Ex
448 4567 483 4628 G.
498 4569 527 4639 1,
540 4567 588 4628 De
599 4567 739 4644 Goniup.
755 4566 908 4644 leprosor.
964 4569 1095 4638 mand.,·
1110 4567 1238 4639 Sencb„
1251 4567 1312 4640 M„
1326 4567 1352 4639 1,
1368 4565 1419 4640 18,
1436 4567 1488 4642 16;
1504 4569 1538 4631 S.
1550 4567 1600 4629 nl·

343 4648 363 4705 4
397 4645 435 4704 L.
460 4647 510 4717 48,
533 4646 581 4707 De
603 4645 697 4722 (iper.
722 4647 827 4707 libert.
963 4646 1086 4725 phone..
1099 4647 1153 4719 v1‚
1175 4646 1247 4708 972.
