3334 5128
282 216 344 282 lia
391 235 481 282 cisen
494 237 541 282 ui.
556 251 577 264 -
590 236 706 282 reici.
722 237 756 282 u.
772 237 835 282 iii.
851 235 873 282 i.
891 237 929 280 oc
942 237 1013 282 nen.
1030 236 1068 281 ai
1086 235 1125 282 na
1141 235 1268 292 icouin.
1288 237 1360 282 nen.
1381 233 1515 282 noiiiaio
1640 242 1645 275 l

279 340 313 408 id
337 338 421 408 lacit
444 338 523 429 quia
549 339 583 407 in
609 359 755 408 numero
779 359 895 408 reruni
919 358 1061 408 suarum
1085 357 1144 408 cas
1166 335 1314 426 amplius
1343 358 1418 408 esse
1445 357 1518 406 non
1538 338 1616 422 vult,
1642 346 1649 445 «j

169 460 171 466 ·
280 445 336 514 vel
360 451 506 532 urgente
526 445 745 530 necessitate,
771 451 874 534 prout
897 445 933 513 in
958 443 1138 534 naufragio
1162 445 1218 513 vel
1241 443 1405 514 incendio
1434 445 1526 531 (24)(
1551 441 1619 513 illae
1644 468 1650 533 i

279 549 475 636 derelictae,
501 553 565 619 liae
598 554 710 620 iactae
737 550 804 620 dici
827 551 951 620 solent.
979 549 1012 622 si
1041 572 1110 619 non
1144 556 1398 641 appareatque
1432 548 1621 618 intentione
1644 546 1652 688 (

279 653 455 740 abiecerit,
481 654 651 746 siquidem
686 661 809 746 sponte
833 677 891 726 eas
914 655 1051 742 abiecit,
1077 657 1260 726 derelictae
1284 655 1475 742 ridentum
1504 653 1557 724 sin
1583 675 1652 751 eii]

134 803 137 811 ·
227 854 231 862 ,
279 761 499 848 necessitate,
518 783 589 832 non
614 763 698 832 itein
718 764 784 852 (ll)
799 789 806 831 ε
824 769 861 832 et
884 763 912 832 si
936 785 1048 856 neque
1072 764 1138 833 boc
1162 769 1315 853 apparet,
1342 783 1453 832 nemo
1479 781 1536 831 ics
1555 781 1622 830 suas
1651 763 1652 768 ’

278 869 408 938 iactare
432 869 597 938 dicendus
631 876 684 940 cst
710 872 792 960 (23).
819 876 937 958 ltaque
973 891 1027 940 ies
1050 869 1233 940 derelictae
1268 869 1359 940 liunt
1384 867 1498 960 primi
1534 889 1623 938 occu-

279 978 395 1068 pantis
413 977 502 1067 llll:
530 999 601 1046 non
626 977 723 1062 itein,
743 977 957 1066 regulariter,
984 979 1094 1048 iactae
1122 979 1203 1067 (25).
1224 979 1286 1047 Sed
1310 983 1350 1047 V.
1371 985 1390 1059 ξ
1423 979 1504 1058 iar,
1524 998 1558 1044 n.
1579 977 1622 1046 lb'.

341 1086 415 1154 isa.
443 1085 559 1154 Liceat
581 1085 657 1155 heic
681 1085 722 1154 dc
748 1086 848 1154 rebus
871 1085 1056 1174 deperditis
1079 1090 1115 1154 et
1138 1085 1178 1154 dc
1204 1084 1305 1154 rebus
1329 1083 1480 1154 incertis
1501 1086 1534 1172 (ξ
1556 1084 1622 1166 itt,

280 1211 316 1260 n.
342 1191 374 1276 8)
402 1211 510 1279 pauca
545 1190 742 1260 subtexere.
766 1189 952 1280 Principio,
978 1191 1018 1276 is,
1045 1211 1150 1280 penes
1185 1211 1289 1282 quein
1313 1195 1395 1260 sunt
1434 1209 1495 1258 res
1520 1187 1651 1256 liuius·-

280 1298 386 1384 modi,
413 1319 553 1368 neccsse
587 1299 691 1368 habet
713 1299 894 1368 doniinuin
929 1319 1095 1390 quaerere
1123 1301 1209 1388 (ilbz
1236 1298 1394 1382 invento,
1423 1295 1621 1382 restituere,

280 1425 351 1474 non
375 1404 533 1489 invento,
558 1424 698 1473 servare
721 1404 885 1495 quamdiu
909 1425 986 1493 spes
1009 1411 1074 1488 est,
1093 1425 1174 1474 cuin
1198 1405 1423 1474 adiuturum:
1451 1409 1492 1472 et
1515 1400 1543 1470 si
1565 1420 1622 1469 ser-

280 1513 396 1582 vando
419 1511 551 1582 servari
575 1533 647 1582 non
678 1518 832 1601 possunt,
859 1511 1100 1582 distralicndac
1125 1519 1208 1581 sunt
1232 1532 1327 1580 inore
1362 1509 1448 1578 boni
1476 1507 1622 1598 patrisla-

282 1617 408 1700 miliae,
427 1623 463 1686 et
478 1617 627 1707 pretiuni
645 1617 895 1708 reponendum.
923 1623 974 1686 Ex
997 1639 1065 1708 quo
1089 1622 1207 1686 autem
1224 1637 1301 1706 spes
1316 1617 1403 1686 baec
1429 1637 1506 1684 non
1532 1630 1620 1701 appa·

281 1723 492 1813 retaniplius
503 1723 686 1812 probabilis
705 1723 809 1814 <quod
825 1744 899 1793 esse
916 1723 1018 1792 debet
1034 1722 1069 1792 in
1086 1722 1328 1793 aestimatione
1343 1721 1428 1791 boni
1447 1720 1548 1807 iiii),
1561 1717 1623 1809 qui·

280 1830 361 1900 dani
385 1835 522 1919 putant,
548 1831 738 1919 erogandas
761 1849 834 1900 csse
858 1830 893 1898 in
918 1829 991 1918 pias
1014 1851 1148 1915 causas,
1174 1852 1218 1899 ex
1242 1836 1470 1920 praesumpta
1502 1824 1621 1896 domini

282 1939 483 2025 voluntate3
509 1937 579 2023 alii,
604 1938 701 2030 quasi
734 1937 860 2007 nullius
884 1939 1009 2024 iactae,
1035 1937 1212 2008 inventori
1244 1937 1366 2008 cedere
1391 1941 1525 2026 putant
1549 1933 1619 2023 (ΙΙ).

282 2043 367 2114 Mihi
388 2037 673 2133 distinguendum
697 2044 847 2128 videtur,
873 2049 991 2112 utrum
1016 2051 1138 2133 agatur
1161 2045 1203 2113 de
1227 2045 1328 2113 ‘rebus
1355 2041 1559 2133 deperditis,
1582 2058 1618 2106 an

282 2149 324 2219 de
355 2151 456 2220 rebus
493 2149 652 2219 incertis:
686 2150 886 2238 deperditos
915 2149 1090 2219 inventori
1121 2151 1243 2220 cedere
1271 2156 1373 2239 puto,
1406 2148 1494 2240 quia
1525 2143 1619 2214 desie-

283 2261 367 2325 runt
390 2255 480 2324 illius
514 2275 609 2340 esse,
639 2255 697 2346 qui
724 2276 782 2324 eas
812 2255 929 2325 ainisit
955 2255 1041 2344 (48)
1067 2261 1222 2327 incertas
1250 2277 1321 2325 non
1352 2257 1460 2342 item;
1489 2270 1617 2339 nempe,

281 2367 312 2432 si
336 2365 426 2432 licite
449 2381 556 2452 penes
578 2367 614 2429 te
637 2369 731 2446 sunt,
751 2383 785 2430 v.
812 2383 858 2446 c.,
877 2361 1053 2450 depositae
1078 2364 1123 2432 ab
1146 2363 1264 2453 ignoto
1281 2363 1428 2446 viatore,
1450 2361 1534 2452 quia
1558 2357 1617 2426 nul·

282 2470 348 2539 lius
376 2467 444 2538 dici
475 2476 653 2560 nequount
690 2489 778 2559 quae
802 2490 824 2537 a
846 2467 999 2554 doinino,
1031 2469 1163 2540 sciente
1187 2489 1293 2559 penes
1323 2491 1428 2561 quein
1463 2468 1554 2550 sint,
1577 2485 1617 2532 rc·

282 2575 353 2666 peti
377 2580 539 2665 possunt;
566 2595 631 2644 neo
655 2573 717 2642 tibi
740 2573 822 2642 licet
854 2574 1135 2666 quandocunque
1159 2583 1295 2645 inutare
1331 2596 1477 2645 causam
1502 2590 1616 2664 posscs-

282 2680 400 2750 sionis.
435 2679 513 2750 Dixi
547 2684 579 2749 st
605 2681 706 2764 licite,
741 2700 823 2749 nani
854 2679 881 2749 si
913 2701 972 2752 eas
1002 2681 1154 2770 possides
1186 2681 1325 2768 illicite,
1351 2687 1392 2749 ut
1425 2687 1513 2770 puta
1537 2680 1615 2747 luilo

283 2789 446 2871 sublatae,
465 2786 526 2854 tibi
543 2785 664 2856 cedere
680 2791 716 2854 et
731 2784 903 2877 iniquum,
922 2793 958 2855 et
973 2787 1108 2875 publice
1129 2787 1361 2878 perniciosum
1380 2789 1491 2858 foret:
1510 2800 1613 2876 quani·

345 3135 410 3299 (ἐξ)
432 3138 468 3196 1,,
492 3137 522 3207 p,
546 3137 565 3210 g
586 3135 657 3206 up„
686 3133 732 3193 De
756 3134 798 3191 Α,
821 3135 861 3192 Ε,
885 3131 924 3192 1),
1042 3117 1108 3198 (27)
1129 3120 1168 3178 V.
1193 3119 1226 3179 S.
1250 3117 1358 3194 Alph.,
1383 3115 1439 3189 ΙΙΙ,
1464 3114 1537 3176 603.

345 3219 357 3298 (
432 3219 479 3277 Ex
500 3217 536 3276 L.
560 3218 610 3285 44,
634 3215 653 3289 5
675 3215 713 3273 Si
733 3213 929 3282 iactrirraDc
1042 3199 1108 3280 (28)
1128 3200 1166 3258 V·
1191 3197 1301 3292 5104,
1324 3216 1355 3256 n.
1380 3199 1408 3256 8.
1436 3197 1506 3256 Nec
1526 3188 1613 3250 obsid

210 3331 212 3338 ι
285 3301 398 3368 Furt.,·
420 3299 457 3357 L.
480 3296 531 3367 21,
554 3295 624 3372 51,
647 3295 694 3354 De
714 3293 755 3352 A.
780 3293 817 3351 P.
982 3281 1613 3356 quodcontrariiargumentanturexprac·

344 3377 409 3457 (23)
430 3380 466 3438 L.
496 3377 589 3452 25‚5
621 3375 683 3434 Sin
713 3389 797 3443 vero,
820 3373 848 3445 l,
882 3374 929 3433 De
982 3343 1610 3452 auniptadominiintentionaaliasquidni

284 3461 413 3522 Probat.
982 3441 1060 3500 liaeo
1081 3447 1259 3500 coniectura
1281 3455 1311 3495 in
1333 3436 1494 3496 thesauris
1510 3439 1611 3508 quoque

344 3537 410 3622 (24)
432 3539 450 3613 5
472 3537 545 3600 Qua
572 3537 712 3602 ratione,
733 3533 784 3604 46,
811 3531 858 3591 De
886 3531 925 3590 R.
983 3521 1082 3580 locuin
1105 3519 1236 3578 habeatl
1257 3515 1387 3612 (Solusl.
1581 3587 1595 3604 „

285 3622 390 3682 Divis.
1043 3603 1090 3660 Ex
1112 3600 1146 3660 Ο.
1171 3599 1210 3658 It.
1234 3598 1297 3677 (aa.
1328 3597 1407 3665 710,
1440 3595 1517 3665 716,
1543 3587 1610 3682 ,ΠΜ

187 3763 192 3770 ,
345 3697 410 3782 (25)
432 3699 451 3773 g
473 3698 523 3768 48,
546 3695 593 3754 De
614 3695 691 3754 Rer,
716 3693 790 3752 Dte,
817 3693 929 3758 Quam.
981 3679 1064 3759 718),
1082 3698 1132 3740 res
1155 3681 1312 3772 inventae,
1330 3679 1358 3736 si
1379 3676 1520 3768 dpminus
1541 3681 1610 3744 iguo

284 3783 400 3853 obrem,
424 3777 451 3836 si
482 3777 550 3851 quis
576 3791 629 3834 eas
658 3775 718 3833 sibi
750 3773 927 3848 collegerit,
983 3746 1610 3848 r<34t11'‚8t⁷¹1d¹001001illelmustertulli,0

286 3863 352 3922 sive
384 3878 422 3919 eii
453 3858 546 3930 mari,
575 3854 643 3913 sive
675 3871 713 3912 ex
746 3853 851 3924 litore,
879 3851 930 3910 fur
983 3850 1064 3903 sunt.
1082 3841 1281 3908 IlleduobuS‚
1296 3840 1451 3896 continuis
1466 3836 1611 3893 dominicis

285 3947 343 4001 est.
368 3939 418 4018 (L.
443 3937 473 4010 5,
496 3937 543 3998 De
564 3935 682 3994 lucen.
705 3936 824 4000 Rutu„
846 3937 927 4004 etc.;
982 3923 1099 3993 diebus,
1123 3922 1234 3980 edictis
1255 3917 1358 3994 palam
1380 3911 1556 4005 properastis,
1571 3917 1610 3990 atr

285 4023 322 4081 L.
346 4021 376 4091 9,
400 4023 418 4095 ἓ
440 4019 513 4089 ult,
536 4017 583 4076 De
610 4015 650 4072 Α.
675 4015 714 4073 R.
739 4013 805 4091 D.).
983 4017 1048 4064 tuin
1071 4004 1101 4062 id
1118 4002 1220 4060 l'acere
1242 3997 1342 4058 debet.
1360 3995 1444 4056 Etsi
1459 4011 1491 4085 in
1506 3993 1610 4082 biennio

345 4098 410 4178 (26)
424 4101 521 4175 Lugo,
545 4096 601 4168 VI,
619 4095 687 4154 138.
720 4095 780 4153 Sed
808 4109 867 4148 non
889 4107 928 4148 eii
983 4085 1124 4162 proximo
1146 4081 1285 4140 dominus
1306 4081 1499 4164 apparuerit,
1511 4088 1538 4128 ei
1556 4060 1608 4124 red·

285 4181 411 4240 iustitia
431 4179 491 4256 (Ex
513 4179 550 4238 L.
575 4179 625 4248 44,
649 4177 667 4250 5
694 4173 862 4249 Plerique,
882 4170 930 4229 De
982 4165 1098 4225 dendae
1113 4166 1201 4234 sunt3
1218 4161 1348 4226 decima,
1366 4161 1420 4213 aut
1434 4153 1475 4232 (si
1490 4165 1537 4244 res
1557 4141 1608 4234 plt-

286 4261 416 4338 Furt.);
439 4260 501 4318 nisi
524 4259 598 4334 ipse,
622 4273 691 4314 cam
712 4253 861 4320 tollendo,
886 4250 929 4308 ie·
984 4230 1607 4327 ris20001ibellaru1nvaleatlvicesimt

285 4342 331 4400 cit
353 4345 386 4398 ut
406 4339 546 4396 dominus
566 4335 723 4396 difficilius
738 4337 841 4409 posset
861 4347 929 4388 eain
984 4343 1089 4384 eanum
1103 4321 1208 4400 pretii,
1220 4319 1273 4378 vel
1287 4333 1353 4377 eius
1368 4329 1513 4407 pecuniae
1523 4305 1606 4385 parit,

285 4419 424 4496 reperire
432 4417 600 4494 (Lyonnet,
614 4435 662 4492 ap.
675 4417 780 4484 Scau,
792 4413 832 4482 ΙΙ,
843 4407 926 4488 570).
983 4403 1142 4465 inventori
1163 4399 1343 4492 persolutazl
1363 4413 1413 4454 sin
1434 4407 1542 4485 minus,
1557 4395 1606 4446 reb

285 4504 329 4561 At
350 4516 418 4558 eam
439 4498 607 4568 occultare,
623 4499 672 4555 est
690 4509 782 4571 prope
797 4493 926 4551 furtum.
984 4486 1035 4546 vel
1050 4500 1156 4544 earum
1174 4487 1318 4559 pretium,
1336 4478 1490 4534 inventori
1505 4460 1604 4531 eadunt·
