3404 5134
1386 296 1428 364 57

15 389 17 458 ἶ
99 429 206 512 toperc
230 419 392 505 derisum,
418 417 574 490 hodierni
599 439 734 512 quoque
760 417 883 512 medici
908 424 943 488 et
974 415 1089 487 clinici
1122 419 1293 488 sociatum
1324 439 1428 508 agno-

15 609 17 632 ι
99 536 206 616 scant3
233 527 269 596 ni
291 529 380 596 torte
404 531 439 595 ci
463 525 527 614 ipsi
552 526 798 594 circulatorum
824 545 971 594 numero
987 525 1129 594 tandem
1145 523 1330 616 aliquando
1347 545 1425 594 cen-

15 663 37 735 7
98 635 158 707 seri
181 633 292 704 velint
309 635 369 722 (⁴¹).

403 317 506 364 CAPUT
531 320 565 364 11.
591 319 632 364 DE
656 318 749 362 Vltus
773 285 927 364 liuticios!
950 318 1106 364 OPPOSl'llS

15 915 17 926 ,
150 847 193 928 (*)
214 847 431 905 Phoenomena
452 845 666 921 magnetismi,
689 861 707 902 a
729 844 892 920 spiritibus
914 845 1080 919 repetenda
1101 861 1180 914 esse,
1204 845 1315 902 abhinc
1340 845 1429 902 annis

15 929 17 1006 ξ
103 928 159 988 fere
178 927 217 988 30
239 927 313 985 adeo
336 925 403 984 fere
423 925 563 984 omnibus
585 941 763 1002 persuasum
785 929 866 996 erat,
890 928 935 993 ut,
960 929 1080 982 mutato
1103 924 1234 994 nomine,
1266 925 1427 1000 negocium

15 1049 17 1080 z
102 1009 167 1078 boc,
202 1007 280 1086 quod
316 1005 471 1080 hucusque
507 1001 737 1063 mesmerismus
772 1021 824 1062 seu
863 1003 1088 1082 magnetismus
1127 1003 1274 1062 animalis
1311 1004 1428 1062 dictum

15 1097 17 1162 Q
102 1087 204 1157 luerat,
227 1087 266 1143 ab
289 1085 364 1162 ipsis
387 1085 616 1160 magnetologis
636 1085 814 1160 spiratiam
834 1101 943 1142 nomen
966 1087 1123 1159 acceperit
1138 1082 1193 1162 (1).
1226 1084 1284 1143 Sed
1315 1083 1429 1143 iterum

15 1205 17 1246 ᾗ
101 1167 145 1226 hic
162 1164 302 1235 dissidia,
326 1183 397 1224 nam
418 1165 543 1240 quidam
564 1165 685 1223 animas
707 1169 899 1223 mortuorum
921 1163 997 1222 haec
1019 1169 1181 1238 praestare
1213 1169 1340 1240 pariant,
1372 1163 1429 1222 alii

15 1247 17 1312 j
102 1247 228 1323 angelos,
253 1245 311 1304 alii
331 1247 494 1304 daemones
505 1243 561 1322 (a).

15 1337 17 1392 ζ
154 1327 209 1393 Qui
231 1326 353 1384 animas
375 1331 576 1394 mortuorum,
594 1323 643 1382 his
659 1323 725 1400 ipsa
737 1341 792 1382 sua
806 1321 1011 1382 incredulitas
1025 1341 1081 1399 pro
1094 1324 1218 1382 ratione
1234 1327 1292 1392 est3
1310 1339 1427 1398 nempe,

16 1435 17 1438 ¹
101 1405 165 1482 quia
185 1405 288 1464 nullos
310 1409 421 1464 extare
443 1404 581 1472 credunt,
605 1420 704 1478 neque
723 1403 861 1480 angelos,
884 1421 982 1478 neque
1003 1404 1166 1462 daemones
1179 1401 1235 1482 (3).
1266 1400 1430 1462 Sententia

15 1507 17 1550 ’τ
102 1487 168 1545 haec
188 1485 471 1562 praetermittenda
493 1489 586 1556 esset;
611 1500 681 1540 nam
704 1487 759 1542 aut
779 1483 888 1542 salvae
910 1490 980 1542 sunt
1002 1483 1125 1540 animae
1147 1483 1375 1552 defunctorum,
1399 1485 1432 1538 et

15 1555 17 1628 ἶ
100 1583 169 1641 qaae
188 1567 225 1624 de
246 1563 381 1640 angelis3
404 1568 459 1622 aut
479 1565 655 1634 damnatae,
672 1566 704 1621 et
718 1579 795 1637 quae
810 1564 847 1621 de
861 1564 1057 1622 daemonibus
1072 1562 1128 1621 alii
1144 1563 1310 1632 disserunt,
1328 1559 1431 1636 aptari

15 1671 17 1720 i
99 1647 140 1704 eis
158 1647 269 1704 debent
283 1641 339 1724 (4).
364 1643 423 1703 Sed
444 1647 476 1702 et
497 1643 661 1702 eberardum
693 1649 759 1712 est,
791 1661 844 1703 eae
875 1649 1036 1719 separatas
1068 1659 1235 1720 acorpore
1265 1641 1430 1716 quidquam

15 1725 17 1784 i
101 1743 189 1802 posse,
211 1726 292 1800 quod
314 1723 436 1800 corpori
463 1724 568 1782 unitae
589 1722 671 1802 (cum
692 1723 896 1798 perfectiores
917 1719 1055 1800 fuerant)
1080 1721 1160 1780 haud
1187 1724 1351 1798 potuerunt
1372 1716 1429 1798 (5).

15 1813 17 1884 j
100 1804 180 1877 Quid,
202 1804 282 1879 quod
303 1803 363 1860 ubi
383 1805 474 1878 ipsae
495 1809 585 1869 sunt,
607 1821 646 1861 ea
667 1821 752 1878 quac
774 1806 862 1879 fiunt
882 1803 987 1882 (atque
1002 1801 1069 1860 ideo
1084 1801 1281 1861 evocationes
1296 1796 1432 1874 nostras)

15 1889 17 1952 ᾗ
102 1887 176 1944 scire
197 1902 266 1942 aaa
286 1880 501 1964 possunt(b)l
524 1883 595 1954 Sed,
611 1885 671 1942 etsi
687 1883 816 1955 scirent,
840 1883 946 1940 adesse
968 1887 1132 1956 nequeunt,
1157 1879 1250 1939 nisia
1270 1881 1333 1938 Deo
1348 1879 1431 1937 facto

15 1989 17 2042 ss
102 1963 243 2023 miraculo
258 1961 315 2044 (7).
339 1964 380 2022 Et
401 1962 478 2022 licet
499 1965 605 2022 adesse
626 1963 747 2039 possint
768 1964 801 2021 vi
824 1979 888 2033 sna,
912 1979 969 2020 non
991 1963 1119 2022 daretur
1133 1962 1179 2020 eis
1192 1961 1278 2040 (quia
1294 1959 1432 2020 sensibus

15 2043 17 2122 ξ
102 2041 211 2122 meent)
233 2043 403 2112 nobiscum,
427 2045 479 2118 qui
494 2042 597 2101 omnia
611 2059 666 2118 ope
682 2059 823 2102 sensuum
845 2039 1042 2118 percipimus,
1067 2041 1248 2100 conversari
1262 2037 1318 2122 (8);
1336 2055 1432 2113 neque

15 2147 16 2198 ᾗ
99 2124 165 2203 (etsi
185 2125 242 2182 hoc
265 2120 408 2198 daretur)
429 2129 552 2198 possent
573 2122 625 2180 vel
647 2121 769 2181 occulta
790 2123 947 2197 detegere,
971 2122 1081 2198 quippe
1103 2119 1180 2178 haec
1203 2119 1361 2196 ignorant3
1379 2117 1432 2179 vel

15 2207 18 2248 ἴ
102 2203 263 2274 naturalia,
288 2218 366 2277 quae
387 2203 532 2260 viventes
548 2203 782 2272 ignoraverant,
806 2202 950 2272 edocere;
974 2217 1044 2260 nam
1069 2203 1100 2260 et
1119 2201 1195 2258 haec
1217 2201 1362 2276 ignorant
1381 2199 1431 2257 ad·

15 2279 17 2368 ξ
103 2281 218 2361 inciti).
244 2285 344 2343 Immo
366 2299 403 2340 ne
424 2298 460 2340 ee
481 2281 602 2356 quidem
625 2287 785 2356 praestare
807 2284 942 2358 possent,
966 2298 1043 2356 quae
1072 2279 1214 2338 viventes
1242 2279 1429 2356 potuissent3

15 2403 17 2418 1
42 2439 43 2443 Ἰ
104 2362 179 2422 velut
200 2379 313 2440 corpus
335 2362 402 2420 loco
424 2379 548 2420 movere
563 2358 639 2441 (10).
707 2369 711 2374 ’

15 2489 17 2512 ,
154 2444 370 2512 Quamobrem,
394 2440 451 2500 alii
474 2439 672 2517 magnetismi
694 2439 901 2516 phoenomena
929 2439 1030 2500 omnia
1058 2442 1095 2499 ab
1124 2439 1247 2515 angelis
1274 2441 1430 2515 repetunt,

103 2523 170 2582 moti
190 2523 239 2581 his
262 2539 341 2597 quac
364 2521 489 2581 crisiaci
512 2522 633 2590 docent,
658 2520 789 2593 iaciunt,
813 2519 977 2596 detegunt:
1001 2537 1072 2578 nam
1094 2521 1212 2578 doceat
1230 2519 1380 2594 religiosa
1401 2524 1433 2576 et

15 2607 17 2636 ‘
102 2603 156 2676 pia3
177 2604 405 2678 iaciuntquae
427 2607 558 2661 naturae
580 2605 705 2664 creatae
720 2601 804 2659 vires
819 2601 968 2659 excedere
990 2600 1147 2672 videntum
1176 2599 1333 2675 deteqaot
1356 2613 1433 2671 quae

102 2681 254 2742 daemones
278 2690 332 2742 aut
359 2683 416 2742 vix
445 2683 527 2742 scire
548 2685 687 2757 possunt,
711 2685 801 2756 prout
815 2697 852 2739 ea
866 2697 944 2755 quae
959 2679 1178 2740 remotissimis
1193 2679 1270 2738 locis
1285 2682 1431 2754 aguntur,

15 2781 17 2810 r
102 2769 149 2822 aut
167 2763 253 2822 nullo
278 2763 376 2832 modo,
400 2771 491 2839 prout
512 2762 618 2820 abdita
640 2761 778 2818 cordium
798 2767 830 2820 et
852 2759 960 2819 futura
988 2759 1105 2832 libera,
1129 2776 1207 2834 quae
1227 2776 1316 2817 nosse
1338 2757 1434 2816 solius

15 2845 17 2868 ³
104 2839 151 2900 oei
170 2849 218 2903 est
231 2839 310 2923 (11).
335 2844 463 2912 Contra,
488 2841 545 2900 alii
566 2857 585 2899 a
606 2841 752 2898 daemone
774 2841 894 2899 omnia:
920 2838 974 2912 1⁰,
999 2857 1038 2900 ex
1060 2840 1119 2910 his,
1144 2855 1221 2912 quae
1243 2837 1368 2897 crisiaci
1390 2837 1435 2894 ei‘·

103 2917 221 2992 fatiunt,
246 2922 510 2989 contradictoriis,
535 2920 759 2990 circulatoriis,
792 2920 942 2990 erroneis,
972 2919 1090 2996 impiis3
1120 2917 1177 2988 2⁰,
1205 2935 1245 2976 ex
1266 2915 1326 2987 his,
1357 2933 1434 2990 quae

15 3005 17 3062 5
105 2998 226 3070 iaciunt,
250 3001 383 3060 ludicris
405 3001 559 3059 interdum
575 2997 651 3082 (12),
675 3001 830 3059 interdum
846 3002 949 3059 noxiis
969 2999 1021 3082 (V.
1039 3000 1078 3074 ἓξ
1093 2999 1143 3072 51,
1167 2995 1231 3076 55);
1247 2996 1303 3066 3⁰,
1321 3015 1358 3056 ex
1376 2995 1435 3054 fine

104 3191 195 3242 trustra
210 3207 269 3242 ease
284 3195 397 3253 patitur.
412 3197 445 3239 lat
460 3193 545 3251 siper
565 3195 677 3240 asceaim
699 3205 740 3240 re·

15 3267 16 3284 ³
103 3263 295 3323 dintegrantur,
314 3276 370 3320 eur,
386 3265 469 3320 sodes,
484 3274 630 3321 numquam
654 3263 740 3310 redin-

15 3341 17 3364 2
105 3338 216 3393 tegretae
230 3338 304 3384 inter
321 3340 424 3382 ascetae
437 3335 635 3394 pythagoricos,
645 3336 687 3382 vel
696 3339 742 3383 Es·

15 3429 17 3470 i
104 3408 740 3465 cenomQuamobremhanchypothesimextrusit

15 3511 17 3532 ,
105 3479 141 3524 vel
152 3479 206 3538 ipse
221 3479 309 3540 Morin
331 3481 438 3534 (Journ.
451 3483 490 3524 du
504 3479 627 3533 Menneu,
645 3483 665 3524 t.
687 3481 739 3532 xv,

105 3558 125 3603 ρ.
137 3551 191 3605 teo).

152 3620 737 3678 (litltiirvillemeaesprttr,Par.ll,0bap.lo;

107 3691 154 3734 tic.
165 3695 248 3743 oetas
257 3695 315 3738 Ser.
330 3695 371 3747 Vi,
386 3692 437 3738 rol.
451 3693 473 3746 5,
487 3701 513 3748 p.
527 3693 562 3737 62.

154 3763 182 3818 (2)
199 3767 253 3809 Cia.
270 3766 345 3813 Cast..
362 3766 418 3808 ser.
433 3765 474 3816 vl,
490 3763 539 3808 vol.
554 3765 576 3815 5,
590 3773 615 3818 p.
625 3765 659 3807 ot.

153 3833 181 3888 (3)
197 3835 342 3892 cabagnet,
358 3835 395 3886 (V.
413 3835 466 3879 tta.
484 3835 557 3882 Oete«,
576 3837 592 3878 l.
607 3844 636 3881 o..
655 3845 678 3889 p.
693 3833 739 3887 ob).

106 3900 285 3954 daromanua
300 3903 402 3952 iamdiu
418 3903 543 3960 Gentiles,
559 3909 594 3956 et,
604 3903 683 3950 initio
693 3907 740 3949 Re-

15 3995 16 4006 *
106 3967 207 4027 licionio
221 3977 338 4032 nostrae,
353 3973 555 4032 Neoplatonicos
569 3985 631 4021 cum
646 3975 740 4034 primis

15 4041 17 4088 i
106 4039 273 4097 (timoratam
287 4046 426 4100 vocabant)
442 4044 587 4092 delectatos
597 4045 687 4102 luisse,
699 4058 743 4093 ne·

15 4109 17 4142 Ξ
109 4111 201 4160 minem
214 4115 289 4162 latet

15 4191 17 4244 4
157 4187 185 4242 (q
201 4191 287 4246 suar,
300 4193 337 4234 ne
351 4193 442 4243 aeria„
460 4191 480 4235 t.
495 4193 514 4244 1,
528 4190 584 4236 niu.
602 4193 623 4246 2,
645 4194 681 4236 ne
695 4193 743 4236 sa·

15 4247 17 4302 l
107 4263 215 4310 write..
231 4262 293 4318 cap.
308 4264 342 4315 14,
357 4273 382 4307 n.
398 4265 419 4306 7.

160 4329 188 4384 (a)
202 4334 230 4374 v.
245 4333 272 4377 Ι).
287 4333 343 4388 Tin,
358 4335 425 4388 1,,89,
439 4343 481 4379 aa.
498 4336 517 4388 1,
531 4337 553 4389 4,
567 4335 588 4379 8.

161 4401 189 4456 tt)
204 4405 229 4447 s.
244 4406 318 4460 Aug..
332 4404 388 4450 Lib.
404 4407 439 4450 De
453 4415 522 4450 eura
540 4415 593 4458 pro
614 4409 739 4454 menate.
772 4399 775 4404 “

112 4470 167 4527 0⁸1)-
180 4474 214 4521 is
228 4474 349 4533 exceptu
363 4476 460 4527 Baetis,
470 4475 517 4533 qui
532 4475 596 4522 haec
610 4475 700 4522 vident
715 4475 742 4522 in

114 4542 191 4589 varta
205 4545 242 4600 (n.
256 4546 311 4604 ra..
325 4556 352 4594 a:
364 4548 395 4604 a).

15 4671 16 4674 Ἴ
162 4615 190 4672 (7)
204 4619 232 4662 D.
259 4620 314 4674 Tin,
327 4622 348 4675 1,
361 4622 397 4675 aa,
410 4621 423 4665 8
436 4619 471 4665 ad
484 4621 505 4665 2.
520 4621 600 4677 atqui
615 4621 681 4665 Deus
696 4619 744 4664 mi·

15 4683 16 4748 J
115 4685 199 4732 ucula
211 4687 282 4746 tacit,
296 4693 361 4736 tunc
375 4692 566 4758 tantumcum
580 4689 631 4738 sibi
643 4689 743 4748 eapien-

794 3196 899 3244 tiesimo
919 3195 974 3254 iqui
994 3196 1087 3242 omnia
1106 3195 1238 3254 disposuit
1261 3195 1288 3240 in
1310 3193 1435 3252 pondere,

794 3279 906 3315 numero
920 3271 946 3314 et
961 3271 1096 3324 mensura)
1113 3267 1308 3320 induruerit:
1328 3269 1354 3312 et
1373 3276 1435 3312 raro

794 3338 935 3385 admodum
951 3338 1023 3384 iacit:
1038 3349 1085 3384 nec
1099 3337 1151 3384 nisi
1165 3341 1274 3396 propter
1283 3336 1435 3383 animarum

794 3406 1435 3466 salutem,Religionisincrementumetgloriam

795 3483 914 3530 Nominis
929 3483 980 3528 sul.
995 3485 1041 3528 list
1055 3483 1141 3540 igitur
1156 3481 1381 3528 absurdissimum
1400 3481 1436 3532 et,

795 3563 876 3610 supra
891 3563 971 3610 quam
985 3551 1099 3610 cogitari
1121 3555 1216 3610 potest,
1234 3549 1355 3610 impium,
1375 3560 1436 3595 eum

795 3623 925 3670 miracula
934 3623 1049 3681 operari,
1058 3624 1163 3670 animas
1175 3626 1343 3670 mortuorum
1357 3620 1437 3667 eusci·

794 3695 883 3750 tando,
893 3695 964 3742 velut
974 3701 1033 3748 arte
1043 3695 1197 3751 machinali,
1204 3697 1236 3742 ad
1246 3699 1343 3741 nutum
1352 3693 1438 3738 cuiue-

795 3767 860 3814 libet
886 3766 1041 3821 histrionis,
1062 3767 1247 3821 circulatoris,
1265 3763 1437 3820 veteratoris,

795 3841 827 3884 ut
840 3836 950 3893 nivonis,
964 3836 1085 3892 ludicris,
1099 3835 1182 3883 fatuis
1198 3835 1316 3882 cuiusvis
1330 3833 1439 3878 mulier·

795 3907 880 3963 culae,
889 3907 1037 3962 nebulonis,
1045 3905 1313 3961 increduli,irrisoris
1321 3904 1437 3951 lubidini

796 3978 944 4036 indulgeat;
959 3981 1042 4036 utque
1057 3979 1130 4036 ipsae
1151 3977 1297 4024 suscitatae
1320 3979 1439 4022 mortuo·

796 4059 858 4094 rum
872 4048 978 4096 animae
993 4049 1101 4096 sedeant
1117 4049 1144 4094 in
1166 4047 1294 4094 cathedra
1315 4044 1438 4104 pestilen-

797 4119 860 4173 tiae,
874 4123 902 4166 et
916 4111 1063 4177 Religionis
1077 4117 1248 4164 christianae
1266 4115 1439 4162 mudamenta

796 4188 947 4236 convellant
962 4187 1260 4248 penitusaetevertantt

852 4260 882 4316 (8)
898 4263 983 4316 suar,
997 4259 1043 4306 cit.
1058 4270 1083 4303 n.
1093 4262 1115 4302 7.

853 4331 883 4387 (a)
899 4332 933 4377 cr.
944 4333 971 4376 o.
987 4330 1043 4385 ru,
1057 4333 1076 4386 r,
1091 4331 1125 4384 aa,
1140 4338 1182 4374 aa.
1193 4329 1214 4384 a,
1224 4333 1245 4384 r,
1256 4317 1277 4374 t.

853 4405 897 4460 (ιο)
911 4406 939 4448 n.
954 4403 1010 4456 nn,
1025 4405 1045 4456 1,
1061 4403 1107 4455 ur,
1121 4403 1143 4445 4.

853 4470 1253 4528 ffluwmmmmm

852 4545 894 4604 (12)
910 4543 1005 4600 Billot,
1041 4545 1278 4597 correspondaace
1304 4549 1365 4586 ecee
1392 4541 1441 4585 De·

799 4623 881 4664 cauae.
898 4617 979 4667 Quem
989 4613 1079 4672 plures
1093 4611 1201 4672 sequuti
1215 4617 1278 4658 sunt
1292 4611 1328 4669 (V.
1345 4609 1440 4666 caroli,
