3404 5134
149 309 152 316 ,
176 321 177 324 Ἰ
264 249 305 320 56
367 273 457 319 traua
481 275 503 318 l.
518 287 540 301 ·
557 273 672 319 Tuscu.
691 273 725 319 ll.
745 274 784 318 ltu
809 273 943 321 vlntuts
966 275 1137 322 nutrorurtls
1160 276 1200 320 ΕΤ
1225 275 1316 320 l'l'l'llS
1339 275 1494 322 oppositis

128 361 130 366 ¹
321 375 376 443 ll.
403 381 497 458 Quae
522 395 602 445 cum
627 375 675 445 ita
699 375 781 462 sint,
806 397 1023 469 consequens
1047 384 1099 448 est
1123 377 1253 464 dicere,
1271 379 1510 468 phoenomena
1527 404 1595 454 ma·

109 479 122 584 ΪΙ
200 521 222 564 3
263 479 425 569 gnatismi
449 482 596 570 petenda
621 501 695 552 esse
719 503 764 552 ex
787 482 912 568 causis,
938 490 1038 553 extra
1062 485 1356 573 magnetizantem
1380 494 1416 556 et
1431 487 1595 577 magneti-

111 591 122 670 ’,
148 629 153 634 -Ν
261 593 379 656 zatum
402 586 533 676 positis.
560 587 760 678 spirituales
783 609 856 659 esse
873 596 1014 678 negant
1041 611 1121 680 ergo
1146 589 1307 679 physicas
1335 609 1409 661 esse
1440 599 1594 681 oportet;

116 753 117 756 ,
196 687 197 690 '
262 715 344 766 nam
369 693 455 764 nihil
478 701 532 764 est
553 694 709 765 tertium.
737 701 890 766 doceant
913 695 1029 786 igitur,
1055 717 1228 787 quaenam
1252 697 1329 765 illae
1352 693 1440 786 sint,
1459 718 1594 786 nempe,

262 799 416 870 docendo
440 821 571 870 nexum
595 800 688 870 inter
710 821 769 871 eas
792 809 828 871 et
842 802 987 872 allectus
1003 802 1198 872 huiusmodi
1218 803 1334 892 (Ptol,
1354 811 1372 884 5
1393 804 1468 889 156,
1487 825 1524 873 n.
1540 806 1593 891 ll:

115 917 120 924 '
261 927 357 992 nam,
383 907 439 976 vel
462 905 526 996 ipsi
550 906 764 996 hypnotismi
788 907 1019 998 antesignani,
1045 909 1144 978 Braid
1167 917 1203 978 et
1218 910 1376 994 Charcot,
1402 910 1483 982 lassi
1503 917 1594 998 sunt,

261 1031 297 1082 se
309 1013 447 1102 penitus
461 1013 600 1083 latuisse
620 1015 701 1103 (lo).
720 1021 763 1084 ut
778 1037 815 1086 rc
830 1015 969 1107 quidem
987 1037 1082 1102 vera,
1097 1015 1270 1105 explicare
1283 1016 1371 1085 velle
1385 1017 1597 1086 naturalibus

261 1117 373 1188 causis
396 1120 636 1209 phoenomena
660 1120 859 1206 luciditatis,
885 1119 1037 1212 desipere
1065 1127 1129 1208 est;
1160 1141 1242 1190 nam
1259 1120 1324 1206 his,
1342 1139 1430 1212 quae
1453 1129 1597 1192 naturae
1684 1213 1685 1216 Ἴ

261 1225 353 1294 vires
378 1247 448 1295 non
474 1227 660 1312 excedunt,
685 1225 851 1316 praestari
875 1245 973 1316 posse
997 1247 1050 1310 ea,
1072 1229 1164 1316 uuae
1189 1245 1291 1316 supra
1320 1245 1421 1295 usum
1452 1235 1596 1298 naturae

260 1338 343 1402 sunt
368 1336 419 1422 (ut
442 1353 535 1419 ecce,
562 1332 679 1402 videre
703 1354 742 1402 ea
766 1354 854 1424 quae
879 1354 950 1402 non
974 1339 1067 1416 sunt,
1086 1332 1160 1402 sire
1176 1331 1374 1421 praeterita,
1392 1353 1482 1423 quae
1499 1354 1596 1402 num·
1684 1345 1685 1348 ’

259 1459 364 1530 quam
389 1437 563 1524 novimus;
589 1437 663 1508 sive
688 1439 817 1523 futura,
843 1458 931 1529 quae
955 1459 1000 1506 ex
1025 1437 1131 1506 libera
1148 1439 1331 1511 voluntate
1347 1437 1501 1507 hominis
1516 1459 1595 1528 pen·

260 1545 355 1632 dent,
381 1543 454 1614 sive
479 1543 685 1634 praesentia,
711 1565 799 1636 quae
823 1543 860 1612 in
884 1541 1123 1614 remotissimis
1147 1541 1344 1630 regionibus
1367 1547 1547 1632 aguntur),
1563 1550 1596 1614 et
1684 1575 1685 1582 κ

259 1650 296 1719 in
320 1649 385 1735 his,
411 1672 498 1742 quae
523 1650 701 1742 hucusque
725 1670 788 1720 nos
811 1649 949 1740 penitus
971 1649 1161 1732 latuerunt,
1188 1647 1307 1718 doctos
1332 1655 1492 1718 actutum
1509 1647 1593 1734 lieri,
1684 1663 1686 1708 ὲ

259 1757 345 1826 haec
367 1755 517 1840 ellutire,
542 1756 644 1844 plane
667 1754 840 1824 dementis
855 1753 1007 1824 hominis
1022 1759 1085 1823 est.
1106 1753 1169 1823 Sed
1186 1759 1222 1822 et
1237 1753 1314 1823 illae
1330 1773 1416 1844 quas
1431 1753 1593 1840 allerunt,

25 1921 89 1948 Α.
160 1851 161 1854 '
259 1861 472 1952 explicandis
495 1860 549 1930 his
570 1881 706 1954 quoque
729 1881 817 1952 quae
841 1861 1020 1951 pertinent
1035 1861 1077 1930 ad
1093 1859 1457 1946 somnambulismum,
1476 1859 1596 1930 inanes
1684 1905 1685 1914 ,

259 1975 294 2038 et
316 1991 460 2040 vacuae.
488 1973 588 2054 Sane,
615 1968 718 2038 unius
748 1967 891 2037 allectus
921 1989 1029 2038 unam
1053 1975 1212 2052 tantum,
1246 1988 1392 2058 eamque
1423 1966 1595 2058 propriam
1684 2013 1685 2016 =

258 2097 299 2146 ac
323 2076 590 2148 determinatam
604 2095 756 2162 causam,
771 2095 836 2146 acu
848 2075 984 2165 frigoris
995 2075 1084 2164 gelu,
1100 2075 1222 2148 caloris
1243 2075 1372 2164 ignem,
1397 2096 1471 2145 esse
1501 2097 1595 2167 opor·

257 2187 343 2268 tere,
369 2184 483 2272 palam
507 2189 570 2253 est.
598 2181 700 2274 Atqui
729 2181 852 2252 soinno
887 2182 1077 2271 hypnutico
1108 2181 1283 2250 suadendo
1319 2201 1441 2251 omnes
1472 2201 1597 2251 causae

258 2289 402 2361 idoneae
426 2297 520 2378 sunt,
537 2297 664 2376 tactuS,
682 2289 881 2374 insulllatio,
901 2297 1019 2374 nutus,
1036 2289 1190 2374 obtutuS,
1208 2287 1372 2377 strepitus
1400 2290 1496 2378 soni,
1514 2289 1594 2381 quin

257 2399 378 2469 eadem
409 2419 512 2468 causa
547 2401 594 2487 (v.
621 2417 668 2485 c.,
694 2399 815 2467 e'adem
840 2397 1039 2486 insufflatio)
1078 2396 1252 2466 contraria
1286 2416 1425 2485 prorsus
1460 2399 1596 2468 efficere
1684 2383 1685 2454 l

257 2505 370 2591 valet,
395 2525 427 2574 a.
442 2493 497 2592 μ’
508 2510 546 2572 ut
569 2503 645 2594 quis
668 2505 808 2572 ardeata
825 2509 865 2570 ut
880 2501 1000 2592 rigeat,
1015 2501 1126 2570 rideat
1142 2509 1203 2570 aut
1218 2503 1329 2591 ploret
1347 2505 1379 2590 (ἓ
1396 2504 1452 2588 tl,
1471 2526 1509 2572 n.
1529 2505 1593 2590 u),

69 2663 83 2680 „
176 2688 180 2695 ,
257 2611 451 2682 obdormiat
473 2618 534 2681 aut
549 2611 700 2700 evigilet.
728 2609 830 2702 Atqui
855 2609 883 2680 si
907 2614 993 2680 haec
1017 2608 1223 2679 naturaliter
1245 2608 1319 2678 lieri
1344 2631 1415 2680 non
1436 2617 1591 2700 possunt,

256 2739 276 2786 a
300 2717 605 2806 neuropathologia
629 2715 785 2801 exulent,
810 2723 871 2785 aut
894 2715 1223 2805 neuropathologiaa
1247 2715 1495 2804 spiritismum,
1521 2723 1593 2785 tan·

316 2935 381 3017 (10)
396 2939 434 2997 V.
453 2938 586 3010 Franco,
603 2939 675 3010 XX,
695 2939 763 2996 123.

258 3251 444 3328 guetologis,
467 3252 544 3309 haec
559 3263 740 3310 asseruntur
754 3250 855 3326 gratis
869 3253 991 3310 omniuo
1005 3249 1061 3332 (2).
1075 3252 1140 3310 Nee
1155 3253 1258 3328 gratis
1269 3257 1401 3326 tantum,
1418 3257 1468 3314 sed
1485 3260 1592 3316 contra
1685 3319 1686 3332 ἦ

256 3331 428 3390 doctrinam
441 3331 641 3401 catholicam,
655 3347 732 3404 quae
748 3335 841 3402 tenet,
857 3337 1004 3391 naturam
1018 3333 1174 3391 elevatam
1190 3333 1323 3408 positam
1338 3333 1434 3392 luisse
1444 3336 1474 3394 in
1488 3337 1592 3412 gratia

255 3409 484 3483 sanctificantc;
500 3427 539 3468 ax
553 3412 610 3468 lrac
621 3427 695 3468 vero
706 3410 763 3468 duo
780 3415 901 3470 tantum
916 3411 1094 3471 constitisse
1108 3414 1186 3470 dona
1201 3414 1498 3488 praeternaturalia,
1516 3415 1592 3474 inte·

256 3491 406 3567 gritatem
427 3494 460 3548 at
480 3490 764 3549 immortalitatem.
788 3491 829 3550 Et
849 3492 887 3548 ab
908 3490 969 3563 his,
986 3508 1096 3565 quaea
1113 3493 1209 3551 Sacra
1224 3491 1389 3568 Scriptura
1402 3495 1588 3570 accepimus,

255 3569 451 3630 alienissima
472 3574 553 3628 sunt.
578 3570 670 3640 Sane3
693 3571 771 3641 Eva,
795 3571 850 3628 sub
871 3578 1014 3646 serpente
1036 3571 1190 3631 diabolum
1213 3573 1353 3644 latuisse,
1378 3591 1415 3634 nc
1435 3575 1607 3650 suspicata¹

255 3651 377 3725 quidem
400 3647 471 3721 fuit3
494 3665 591 3723 neque
613 3649 763 3707 invidiam
786 3650 902 3710 diaboli
924 3650 1166 3724 animadvertit3
1189 3669 1245 3710 nec
1270 3653 1392 3711 demum
1417 3653 1593 3730 praesensit
1684 3713 1686 3726 ,

255 3729 397 3806 ingentes
419 3727 629 3799 calamitates,
653 3745 739 3804 quas,
764 3735 890 3806 peccato
912 3748 976 3802 suo,
1001 3729 1031 3787 in
1053 3739 1193 3808 posteros
1214 3731 1394 3792 devocabat.
1419 3734 1495 3804 Nec,
1524 3731 1590 3810 plus
1684 3765 1685 3768 =

254 3810 333 3879 Eva,
356 3807 433 3866 haec
454 3807 557 3866 omnia
579 3808 675 3868 scirit
696 3809 805 3868 Adam.
829 3811 923 3886 Ergo,
947 3827 1044 3885 neque
1065 3811 1238 3886 praeterita
1252 3818 1376 3883 norant,
1393 3831 1489 3888 neque
1504 3829 1589 3889 prae·
1684 3875 1685 3878 ,

254 3889 367 3960 sentia,
392 3905 488 3964 neque
511 3887 617 3947 lutura
631 3885 687 3968 (3).
880 3909 883 3916 ·

308 4079 339 4134 (t)
360 4081 389 4122 v.
411 4081 531 4123 Journal
554 4081 592 4123 du
611 4077 793 4130 Mapndttsme,
810 4081 828 4123 t.
844 4080 896 4134 XV,
949 4077 1020 4125 rales
1030 4077 1315 4135 fueruntnuttutenua;
1323 4077 1363 4125 alu
1371 4078 1590 4136 supernaturales

252 4163 278 4209 p.
292 4152 341 4195 580.
358 4149 478 4195 Extasim
492 4159 555 4194 vero
570 4149 748 4206 magneticam
759 4149 792 4196 ab
810 4149 895 4197 extasi
946 4154 1065 4203 penuria,
1078 4149 1197 4206 adeoque
1207 4153 1335 4207 perpetuo
1344 4161 1389 4196 eas
1399 4149 1522 4196 amisisse
1532 4159 1587 4207 pru·

253 4222 405 4268 sanctorum
420 4218 520 4266 distare
535 4223 592 4266 toto
606 4219 678 4266 coelo
688 4220 811 4278 pluribus
825 4220 895 4266 evin·
948 4223 1109 4277 tepet-entes,
1124 4225 1270 4278 utrumque
1280 4221 1337 4267 tiro
1347 4221 1470 4279 theologo
1479 4220 1586 4279 planum

252 4291 289 4338 eit
304 4293 416 4335 deerret
432 4290 471 4344 (ΙΙ,
486 4291 531 4342 tl).
948 4295 997 4336 est.
1012 4292 1137 4349 Denique,
1148 4292 1171 4337 sl
1181 4303 1226 4338 eas
1236 4303 1289 4338 non
1298 4292 1456 4346 amiserunt,
1465 4301 1513 4337 cur
1524 4293 1587 4335 tam·
1683 4277 1686 4300 ¹

308 4361 336 4416 (3)
352 4359 441 4414 Billut
456 4371 480 4416 p.
494 4361 530 4415 653
545 4361 666 4414 carolis
682 4362 729 4406 lor.
744 4359 808 4411 Quid
824 4361 893 4418 quod
947 4362 993 4408 diu
1008 4363 1109 4409 inertes
1119 4363 1147 4408 iu
1157 4363 1234 4410 nobis
1243 4363 1392 4419 iacuerunt,
1402 4367 1429 4411 et
1443 4363 1515 4408 velut
1525 4359 1587 4408 obli·

251 4431 425 4489 magnetizati
440 4431 536 4476 tumidi
553 4433 711 4491 plerumque
726 4438 789 4479 suut
809 4437 836 4480 et
856 4433 893 4479 iu·
949 4437 1070 4480 terataet
1085 4437 1159 4490 Nam,
1170 4434 1193 4480 si
1203 4433 1341 4481 naturales
1351 4439 1422 4491 suut,
1432 4435 1481 4481 hoc
1490 4434 1585 4492 abipsa

251 4503 356 4557 docilem
372 4503 454 4548 immo
470 4501 563 4556 invidi,
578 4513 701 4560 nequam,
715 4503 808 4561 impiit
823 4507 891 4550 Num
947 4509 1045 4553 natura
1059 4507 1178 4553 alianum
1195 4509 1244 4561 est,
1259 4517 1326 4563 quae
1342 4512 1434 4564 sponte
1453 4517 1484 4552 ac
1503 4514 1586 4551 neees-

251 4575 316 4621 haec
330 4573 443 4620 ascesist
947 4577 1019 4622 sario
1032 4577 1102 4622 vires
1117 4577 1202 4622 exerit
1218 4586 1288 4630 suaa:
1304 4575 1345 4622 sin
1360 4575 1585 4634 supernaturales,

304 4643 433 4702 Amplius:
448 4644 472 4690 si
487 4643 628 4690 facultates
643 4645 796 4690 huiusmodi
815 4648 892 4691 uatu-
946 4645 1064 4693 alienum
1079 4649 1120 4692 ast
1133 4657 1149 4692 a
1163 4646 1208 4692 Dei
1229 4645 1405 4703 providentia,
1427 4655 1495 4702 quae
1517 4641 1583 4690 nihil
