3404 5134
375 269 479 313 eaeor
505 269 538 314 n.
567 269 605 314 oe
630 268 722 314 runs
747 267 900 340 aecrorqm
923 267 1080 313 oerosrrrs
1352 245 1392 313 ll

15 437 17 448 ,
76 376 274 493 compertum
295 369 419 460 quippe
443 375 508 454 est,
534 368 663 438 eisdem
688 367 860 458 periculis,
886 367 1010 487 quihus
1034 367 1263 457 hypnotizati,
1290 369 1396 438 ohno-

15 477 18 564 ξ
75 479 220 548 rimasse
240 478 321 564 (lt).
348 481 518 563 4444444,
537 475 668 545 etenim
685 475 737 544 sui
754 475 922 545 memoria
939 475 995 544 vel
1011 475 1116 544 libero
1133 475 1274 544 arbitrio
1292 475 1396 560 inter,-

15 589 17 688 j
74 585 171 670 clusis
196 582 405 702 impossihile
421 581 487 651 erit
506 587 556 671 (ut
572 589 787 671 praeteream
806 581 1025 650 incommoda
1042 601 1130 672 quae
1146 604 1191 652 ex
1207 581 1397 652 contractis

15 699 17 790 ζ
74 689 216 760 morhis'
207 711 244 758 m
270 688 438 760 familiam
463 689 671 773 redundant,
698 689 832 780 aliaque
858 689 978 772 multa)
1007 690 1105 758 illinc
1129 672 1305 778 patreml,
1324 709 1397 760 ma·

15 793 19 902 l
72 799 187 880 4444,
214 795 352 880 liberos,
378 795 509 880 ιιιοιίε,
536 795 616 880 tiri,
637 802 835 885 parentum,
854 815 970 862 rerum
988 793 1258 864 domesticarum
1275 815 1397 864 curam

15 921 19 994 ς
73 872 193 988 hahere,
220 923 293 972 uno
317 902 436 984 v,erho
462 899 583 970 otliciis
607 901 677 969 suis
700 919 890 990 super;esse
917 900 1000 968 hine
1017 901 1235 984 contrahere,
1261 898 1394 984 testari,

15 1001 16 1030 ³
73 1018 102 1080 et
120 1009 261 1102 quodvis
285 1008 467 1098 negocium
493 1030 621 1097 gerere.
651 1015 798 1076 044444
823 1011 1058 1094 hainoensem
1085 1029 1167 1076 nam
1199 1007 1394 1098 quodnam,

15 1105 17 1110 ’
74 1137 251 1206 argaeum,
279 1114 430 1184 officium
455 1114 599 1203 implere
624 1114 749 1202 poterit
773 1114 813 1198 is,
839 1113 898 1204 qui
924 1135 994 1182 non
1012 1133 1094 1182 suae
1111 1112 1241 1184 mentis
1257 1119 1321 1197 est,
1341 1113 1397 1182 vel
1428 1119 1432 1128 ’

74 1243 132 1290 non
153 1221 202 1288 sui
226 1219 376 1306 arbitrii,
403 1227 438 1288 et
463 1226 514 1288 tot
540 1219 715 1288 fraudibus
739 1219 931 1288 obnoxius?
955 1226 1062 1303 Quae,
1081 1217 1117 1288 in
1135 1217 1208 1286 iure
1225 1219 1282 1287 vel
1298 1224 1397 1286 extra

15 1311 17 1320 ¹
74 1327 126 1412 ius,
150 1327 230 1397 lides
254 1326 427 1396 testibus?
450 1332 541 1409 Quot
564 1325 608 1394 ah
631 1347 685 1410 eo,
712 1325 826 1395 medio
841 1333 1010 1416 tempore,
1029 1333 1224 1416 perpetrata
1243 1327 1397 1396 lacinora

15 1521 16 1530 ἵ
74 1437 120 1504 vel
140 1435 261 1517 inulta,
289 1435 346 1504 rel
370 1435 441 1503 ulta
466 1434 591 1502 iniuria
611 1435 704 1520 (lota

120 1543 168 1610 aa.
195 1544 259 1610 Sed
284 1542 485 1630 theologum
511 1547 657 1630 oportet,
685 1541 770 1610 haec
796 1546 831 1608 et
854 1540 945 1630 quod
970 1540 1012 1609 ad
1038 1560 1151 1609 mores
1176 1539 1395 1624 christianos

73 1653 102 1714 ct
129 1648 215 1739 quod
250 1649 296 1717 ad
327 1647 429 1716 tidem
462 1647 637 1737 dispicere.
670 1648 767 1730 Quod
798 1649 845 1720 od
876 1669 1001 1730 mores·
1031 1655 1107 1718 tum
1131 1648 1212 1739 quia
1238 1655 1337 1738 turpe
1362 1653 1398 1716 et

15 1743 16 1756 *
74 1774 163 1840 grave
195 1762 260 1838 est,
291 1753 349 1823 ltei
381 1755 587 1844 imaginem,
613 1753 785 1844 adquam
818 1753 948 1822 conditi
981 1774 1112 1838 sumus,
1145 1755 1188 1824 ad
1218 1754 1398 1823 hmtorum

15 1929 16 1932 ,
47 1847 310 1948 ‘ignobilitatem
333 1859 480 1928 deiicere
508 1862 539 1947 (ᾖ
556 1861 612 1942 lt,
632 1881 666 1929 n.
683 1861 753 1946 24),
780 1865 858 1927 tum
871 1858 951 1950 quia
968 1879 1003 1927 se
1021 1860 1075 1928 tel
1093 1859 1199 1928 alium
1216 1859 1303 1928 bene
1321 1879 1398 1947 ope-

15 1969 17 1980 '
75 1965 165 2034 rando
186 1965 361 2056 ineptum,
387 1973 423 2034 et
446 1965 625 2058 quibusvis
649 1964 778 2035 illicitis
801 1964 1024 2034 admittendis
1047 1965 1238 2034 obnoxium
1270 1967 1397 2049 facere,

15 2099 17 2168 j
77 2069 144 2140 haec
166 2072 254 2142 velle
280 2079 343 2142 est.
371 2073 468 2157 Quod
493 2074 541 2142 ad
565 2073 685 2164 fidem,·
711 2093 793 2141 nam
825 2092 905 2140 cunr
936 2071 1019 2141 satis
1049 2091 1219 2163 superque
1251 2071 1397 2141 manile·
1452 2079 1454 2084 ’

15 2209 17 2230 2
75 2182 150 2244 stum
173 2177 229 2264 sit,
255 2178 516 2268 magnetologos
539 2186 575 2248 et
598 2179 818 2269 hypnotistas
841 2199 882 2247 eo
905 2178 1045 2246 demum
1070 2185 1225 2268 spectare
1248 2185 1287 2246 ut
1313 2177 1398 2247 ueli-

15 2301 17 2364 ;
76 2281 150 2370 gioni
173 2286 349 2355 revelatae
368 2287 562 2356 naturalem
579 2285 793 2354 substituant
811 2292 841 2371 (ὅ
859 2285 901 2352 47
919 2288 952 2368 t,
972 2306 1006 2354 n.
1030 2285 1096 2371 45),
1115 2305 1331 2376 consequens
1347 2289 1400 2354 est

15 2415 17 2484 ζ
45 2421 46 2424 ¹
77 2387 184 2476 dicere,
209 2391 427 2470 Christianae
454 2389 620 2478 Religioni
645 2390 809 2460 delendae
833 2389 981 2480 denique
1005 2411 1145 2480 operam
1169 2391 1251 2460 dare
1275 2397 1310 2460 et
1326 2409 1397 2475 em,

15 2511 17 2520 ’
75 2496 121 2585 qui
141 2499 383 2588 magnetismo,
409 2521 469 2568 sen
495 2499 731 2588 hypnotismo,
758 2517 899 2587 operam
922 2497 1020 2582 dant,
1046 2518 1106 2566 seu
1131 2497 1301 2582 faciendo,
1336 2518 1396 2566 seu

15 2649 16 2702 ;
76 2605 229 2692 patiendo.
259 2611 332 2676 Nec
356 2607 392 2676 hi
418 2605 552 2676 innoxii
576 2611 670 2690 sunt,
696 2605 755 2697 qui
779 2604 828 2674 eis
852 2603 1026 2674 intersunt
1054 2605 1132 2694 (nisi
1157 2605 1321 2675 intersint
1355 2627 1400 2674 ex

15 2763 17 2802 ,
75 2713 259 2798 gravissima
285 2735 329 2790 aa
349 2711 538 2782 iustissima
562 2732 679 2794 causa,
706 2732 740 2780 ι’.
768 2731 813 2796 4.,
841 2711 934 2780 iussu
970 2711 1173 2782 antistitum
1211 2711 1396 2798 Ecclesiae,

15 2907 16 2912 ἵ
77 2817 114 2886 rei
135 2821 363 2909 explorandae
387 2820 524 2908 gratia),
547 2817 686 2888 tametsi
711 2817 797 2887 nihil
828 2824 1010 2908 quaerant,
1044 2818 1130 2887 nihil
1160 2819 1397 2939 interrogent:

15 2953 17 2980 ι
78 2924 181 3012 primo,
205 2929 288 3019 quia
313 2926 507 3016 praesentia
531 2946 593 2995 sua
617 2925 757 2994 ludicris
781 2925 873 2994 hisce
890 2925 1136 3014 superstitiosis
1156 2925 1216 2994 et
1208 2925 1323 3015 impiis
1340 2947 1399 2994 ne-

15 3027 17 3116 }
79 3032 165 3118 gociis
197 3034 443 3104 auctoritatem
478 3032 679 3116 conciliant,
717 3053 825 3123 eaque
861 3034 1002 3116 lovent,
1040 3032 1209 3117 excitant,
1247 3037 1397 3120 augent,

15 3175 16 3204 ;
79 3133 193 3226 deinde,
218 3139 301 3231 quia
325 3139 361 3208 in
387 3138 439 3207 his
462 3139 677 3226 moresllll,
715 3137 787 3206 et
779 3159 814 3206 ιιι
847 3136 967 3226 primis
998 3137 1100 3223 fides,
1133 3138 1397 3228 periclitantur;

15 3227 17 3312 Ϊ
80 3246 222 3340 namqui
247 3247 357 3316 semel
381 3244 533 3314 uiderint
557 3242 777 3333 magnetismi
803 3249 974 3333 portenta,
993 3244 1092 3314 facile
1112 3244 1326 3334 (praesertim
1345 3264 1400 3312 rn-

15 3347 17 3364 4
78 3349 135 3438 des¹
157 3355 403 3436 adolescentes
429 3359 464 3421 et
488 3353 650 3422 intirmi'
642 3373 677 3422 in
695 3351 772 3436 lide)
799 3351 990 3440 despicient
1006 3351 1202 3443 prophetias
1226 3357 1260 3420 et
1293 3350 1396 3420 mira·

15 3453 17 3532 Ῑ
80 3457 152 3544 cula,
175 3461 300 3552 quihus
324 3459 441 3548 religio
466 3465 583 3528 nostra
608 3459 705 3528 reiut
728 3465 961 3547 superstructa
978 3466 1031 3527 est
1049 3457 1131 3548 (48).

15 3671 17 3706 ²
129 3670 309 3749 (rocensi.
322 3671 436 3740 dames,
450 3669 706 3745 L'Hrspnotisme
763 3669 822 3728 Cro
805 3680 909 3744 cpont
938 3669 1142 3747 Cothotifflqoe
1166 3671 1322 3730 14444444
1349 3670 1401 3730 Do

82 3751 131 3808 etc.
136 3771 190 3828 ,p
219 3751 277 3825 25,
306 3752 357 3811 ubi
388 3750 526 3827 pluribus
554 3749 705 3826 exemplis
760 3751 806 3807 M.
831 3751 884 3818 4.,
910 3769 960 3810 44.
986 3749 1087 3826 laen:
1111 3752 1160 3810 cui
1186 3752 1401 3810 mesmerimus

15 3835 16 3892 ξ
75 3825 228 3904 adprobem
245 3840 277 3892 et
293 3832 409 3891 iamdiu
424 3830 621 3887 ammadver
609 3835 704 3900 eret
762 3831 847 3889 visus
869 3796 928 3902 dst,
951 3833 1026 3890 adeo
1048 3831 1166 3890 loedam
1192 3831 1402 3890 ›erdendorum

15 3953 17 3986 ,
83 3921 123 3966 an.
145 3909 228 3983 1774,
245 3911 358 3972 Facul
360 3929 395 3969 as
345 3909 532 3969 Medica
547 3908 652 3968 Paris
656 3927 706 3968 en
760 3927 879 3969 morum
902 3929 990 3970 occas
994 3913 1093 3970 ionem
1116 3850 1283 3986 pcedhere,
1308 3917 1341 3968 ut
1362 3927 1402 3968 ex

15 3991 17 4070 l
81 4001 116 4044 us
125 3987 191 4068 (lu
193 3991 270 4064 uier,
279 3995 387 4052 Stoma
397 3990 450 4049 del
458 3989 642 4064 Maracipl'
630 4007 706 4056 roso,
761 3989 882 4049 inferno
905 3990 1024 4050 foedior
1045 3991 1131 4049 nulla
1154 4007 1317 4064 numquam
1332 4007 1402 4048 eru-

15 4079 17 4128 }
82 4067 232 4149 t.,pp111
235 4072 337 4143 .250,
360 4069 444 4148 254)
761 4071 854 4145 perit.
888 4071 966 4136 Quid
998 4069 1108 4147 plural
1140 4071 1272 4146 ipsemet
1304 4069 1399 4145 Alph.

132 4091 259 4228 (14)Ρο4.
294 4149 491 4228 04444444.
522 4167 563 4218 c..
592 4167 619 4224 p.
653 4149 703 4220 34,
761 4151 933 4225 Gahagnet,
958 4168 1016 4226 quo
1039 4151 1122 4209 inter
1152 4150 1402 4226 magnetophilos

15 4245 17 4290 ι
83 4231 200 4302 dolah,
231 4235 282 4293 uhi
307 4231 458 4310 plurimos
483 4247 571 4288 casus
603 4229 706 4288 huius·
761 4231 933 4290 somniator
953 4229 1185 4304 delirus'magis
1200 4231 1338 4289 surrexit
1353 4247 1406 4287 ne·

84 4309 153 4367 noh
163 4319 242 4386 pom
229 4315 289 4372 oh
301 4313 404 4372 oculos
415 4327 519 4368 eorum
532 4327 584 4384 qui
576 4309 703 4386 Remp
761 4329 821 4380 mo,
845 4311 1055 4384 conqueritur,
1080 4324 1210 4379 morum,
1234 4315 1266 4369 et
1290 4309 1320 4368 in
1343 4309 1405 4386 pri·

85 4385 298 4453 administrant.
761 4391 819 4449 mis
841 4389 1026 4458 honestatis,
1047 4387 1200 4447 excidium
1223 4406 1262 4448 ex
1278 4405 1405 4448 mesme-

134 4467 243 4548 (l'llv.
260 4471 412 4546 Oaroli,§
426 4469 504 4538 271;
523 4469 592 4528 Cio
610 4469 706 4538 0444.
761 4471 857 4530 cismo
884 4468 1033 4545 prodiisse
1065 4467 1118 4548 (V.
1142 4469 1291 4539 Deleuze,
1315 4469 1351 4528 P.
1377 4467 1402 4540 I,

88 4540 147 4607 Ser.
167 4549 191 4620 I
213 4553 274 4612 vol.
296 4554 327 4624 4,
350 4569 420 4629 pag.
448 4547 519 4618 631;
547 4549 648 4626 Debrp
644 4569 703 4620 ·,en
762 4549 811 4608 ch.
834 4545 885 4625 9)t
1415 4585 1419 4593 ·

88 4637 120 4682 0¹
136 4631 255 4704 medico
286 4630 455 4710 'lhappista
483 4627 598 4711 (Peos
622 4571 704 4689 d'on
820 4626 887 4710 (18)
908 4629 946 4688 V.
970 4627 1131 4701 Pailloux,
1154 4646 1182 4705 p.
1206 4627 1275 4688 244.
