3404 5126
278 269 339 336 176
416 289 507 336 tissa
531 289 578 336 111.
596 306 618 319 ·
634 291 750 336 TRACT.
777 292 812 336 11.
839 290 902 335 rm.
922 289 956 335 ΙΙ.
984 291 1023 335 DE
1047 289 1272 336 RESTITUTIONE
1296 289 1328 334 IN
1351 287 1472 335 GENERE

280 431 358 482 sum
382 411 439 480 vel
455 408 638 480 consilium
662 409 768 496 dedit,
787 407 911 478 merito
935 415 1074 496 recepta
1092 378 1431 498 (eontranonnulms
1452 407 1616 498 antiquio·
1668 433 1669 436 ¹

280 518 346 604 res)
372 522 409 584 et
431 521 527 586 certa
550 515 725 584 sententia
749 520 803 584 est
828 515 910 603 (to).
931 513 1005 584 Alia
1028 534 1131 584 causa
1155 519 1208 582 est
1230 513 1316 598 eius,
1333 513 1393 606 (υἱ
1417 513 1479 582 tibi
1501 533 1615 603 coope

280 627 394 710 retur;
412 643 495 692 nam
518 621 547 691 si
570 627 609 690 tu
632 621 707 690 sine
731 641 772 691 ea
796 621 1038 710 cooperatione
1061 621 1174 690 adhuc
1191 620 1341 690 dedisses
1359 615 1541 706 damnum,
1562 641 1614 690 ex·
1668 615 1669 690 j

281 733 422 797 cusatur
440 729 529 816 (47),
547 727 610 796 vix
634 726 743 812 enim,
762 733 824 796 aut
846 747 891 796 nc
913 726 978 796 vix
993 726 1133 818 quidem
1150 725 1327 816 cooperari
1343 725 1483 796 videtur
1505 724 1546 811 is,
1562 727 1613 816 qui
1667 721 1669 810 j

261 853 576 924 supervacaneam
603 855 744 923 operam
780 839 933 923 praestat
959 833 1075 924 (Prot,
1104 835 1179 920 174,
1204 855 1240 902 n.
1267 835 1337 922 92).
1365 837 1481 924 quue
1515 830 1613 920 magis
1667 841 1669 916 ξ

279 941 530 1026 excusaturis,
555 940 708 1032 quinon
745 941 931 1032 prohibuit,
957 940 984 1011 si
1014 940 1200 1027 intellexit,
1226 941 1283 1009 vei
1317 938 1469 1030 putavit,
1493 957 1530 1008 se
1551 940 1611 1008 tm·

280 1055 351 1119 stra
375 1049 409 1118 id
433 1053 653 1116 conaturum.

544 1279 547 1285 '
610 1274 690 1340 Aer.
717 1277 758 1340 ΙΙ.
785 1275 835 1340 De
855 1247 1084 1341 'Restitutione
1107 1269 1290 1358 facienda.

677 1439 697 1513 ἓ
722 1437 747 1500 Ι.
778 1432 870 1514 Quid
892 1432 1149 1500 restituendum
1170 1435 1227 1502 stt.

340 1605 416 1674 212.
444 1604 629 1675 Restitutio
652 1613 706 1674 est
728 1605 765 1675 in
789 1605 976 1696 pristinum
1000 1605 1160 1696 repositio
1187 1611 1219 1696 (ἓ
1247 1609 1345 1696 i9ls):
1371 1607 1421 1677 sic
1446 1607 1547 1698 igitur
1568 1611 1611 1678 ia·
1666 1581 1669 1694 J

282 1710 403 1781 cienda
428 1716 492 1797 est,
517 1717 557 1780 ut
576 1711 747 1781 damnum
763 1732 882 1802 passus
900 1710 1043 1802 recipiat
1059 1733 1164 1782 omne
1180 1711 1226 1798 id,
1244 1713 1336 1804 quod
1349 1713 1425 1783 sine
1438 1736 1482 1784 eo
1497 1713 1611 1794 damno
1667 1749 1669 1830 4

281 1815 462 1886 habiturus
485 1816 606 1888 fuisset
624 1819 691 1906 (1),
723 1837 836 1908 neque
866 1819 960 1908 plus,
991 1839 1103 1910 neque
1132 1818 1269 1906 minus;
1306 1817 1401 1906 sive,
1430 1820 1483 1888 uti
1510 1819 1612 1890 Nostri
1667 1845 1669 1910 (

280 1922 393 2009 aiunt,
410 1923 570 1994 iacienda
587 1931 639 1993 est
662 1924 705 1992 ad
728 1921 975 2014 aequalitatem
994 1927 1053 2014 (2).
1082 1931 1154 1994 Duo
1178 1925 1284 2014 igitur
1306 1927 1502 1997 necessario
1518 1927 1613 2016 exigit
1666 1915 1669 1964 ¹

282 2029 471 2118 restituti03
493 2023 532 2098 ut
559 2031 764 2100 restituatur
785 2029 820 2099 id
843 2031 935 2122 quod
958 2031 1161 2121 ademptum
1184 2031 1263 2118 iuit,
1289 2040 1325 2102 et
1347 2033 1381 2104 id
1403 2035 1496 2126 quod
1518 2033 1612 2103 inter·
1665 2025 1669 2122 i

282 2143 353 2208 est.
380 2141 423 2206 ut
445 2135 578 2226 primo,
603 2137 638 2206 id
661 2137 752 2228 quod
776 2137 978 2226 ademptum
1003 2137 1070 2207 fuit
1096 2137 1170 2207 sive
1199 2139 1423 2227 existimatio,
1453 2141 1527 2210 sive
1547 2161 1610 2210 res:
1667 2169 1669 2184 ·

283 2243 368 2313 etsi
392 2243 434 2312 de
457 2263 497 2312 re
519 2249 653 2333 agatur,
679 2243 708 2312 is
733 2243 793 2334 qui
817 2251 957 2313 tenetur
980 2265 1024 2314 ex
1048 2244 1177 2316 iniusta
1203 2247 1418 2338 acceptione,
1444 2247 1611 2318 restituere

282 2350 385 2420 debet
407 2349 457 2420 rei
480 2349 649 2440 pretium3
676 2349 787 2442 isqui
811 2372 855 2420 ex
880 2373 917 2420 re
939 2350 1067 2422 iniuste
1090 2359 1244 2442 accepta,
1270 2376 1345 2423 rem
1367 2351 1491 2444 ipsam.
1516 2361 1560 2425 De
1578 2375 1612 2423 re

280 2461 317 2526 et
338 2456 449 2546 pretio
472 2455 586 2527 dicam
609 2463 740 2545 postea;
766 2456 943 2526 ordiamur
965 2457 1009 2528 ab
1032 2479 1072 2528 eo
1095 2459 1187 2548 quod
1210 2464 1363 2529 interest.

342 2565 419 2634 215.
446 2565 483 2633 ld
505 2565 597 2656 quod
610 2565 756 2634 interest
775 2571 839 2648 est,
857 2570 1029 2656 quantum
1046 2587 1090 2634 ex
1107 2568 1198 2636 iacto
1214 2573 1275 2636 tuo
1291 2566 1376 2637 mihi
1393 2567 1503 2655 abest,
1516 2587 1610 2658 quan·
1627 2636 1638 2649 „

282 2676 428 2761 tumque
451 2669 577 2740 lucrari
601 2669 697 2760 potui
716 2671 776 2758 (5).
802 2675 887 2757 Hoc,
912 2691 993 2739 oum
1017 2670 1054 2740 in
1078 2673 1171 2742 facto
1194 2672 1323 2742 nonin
1346 2672 1421 2742 iure
1444 2673 1610 2756 consistat,

282 2778 320 2847 in
343 2779 418 2848 ioro
442 2784 589 2848 externo
612 2776 868 2848 aestimandum
893 2785 946 2847 est
968 2777 1111 2847 arbitrio
1134 2778 1215 2848 boni
1240 2779 1307 2848 viri
1326 2781 1386 2868 (Ι),
1416 2785 1452 2848 et
1467 2783 1507 2848 in
1521 2779 1611 2847 com

283 2885 332 2954 od
354 2888 544 2954 minimam
566 2903 746 2952 ournmom
769 2883 956 2952 deducitur
981 2885 1040 2972 (5)
1067 2884 1104 2953 in
1127 2884 1266 2954 interno
1291 2907 1335 2954 ex
1366 2881 1512 2970 affeetu,
1535 2883 1612 2953 idest

283 2987 447 3079 opinione
470 2989 638 3060 laedentis
665 2992 697 3078 (g
722 2990 799 3076 250,
822 3009 858 3057 n.
878 2991 925 3078 9).
945 2989 1091 3058 Proinde
1108 2990 1143 3060 in
1160 2991 1226 3060 hoc
1242 2993 1317 3062 toro
1333 2993 1371 3060 ot
1385 2992 1509 3078 sotum,
1523 2991 1612 3082 idque

284 3106 392 3168 totum
416 3097 663 3188 praestandum
687 3101 751 3182 est,
777 3097 880 3187 quod,
899 3096 1022 3166 saltem
1039 3095 1075 3165 in
1092 3098 1249 3184 confuso,
1268 3097 1469 3188 praevisum
1483 3099 1545 3168 fuit
1558 3101 1608 3186 (6).

283 3209 382 3274 Hanc
405 3201 675 3293 praestationem
700 3223 834 3272 cessare
858 3222 1008 3294 aequum
1033 3209 1086 3272 est
1108 3203 1226 3274 stetim
1250 3223 1291 3273 ac
1314 3205 1484 3274 damnum
1507 3199 1611 3294 passus

344 3435 411 3517 (46)
433 3438 525 3510 Soto‚
541 3437 596 3510 IV,
614 3436 685 3510 VII,
703 3437 741 3509 33
767 3437 869 3510 hess,
885 3435 927 3509 11,
983 3441 1074 3516 puta,
1099 3437 1221 3496 exustis
1241 3437 1384 3508 aedibus,
1407 3453 1485 3512 ques
1507 3437 1610 3514 pertin

287 3517 336 3590 13,
353 3518 384 3578 2.
983 3517 1139 3588 habitare,
1163 3518 1277 3594 partim
1292 3515 1414 3576 elocare
1429 3517 1538 3576 solitus
1557 3516 1610 3575 fue·

345 3593 451 3678 (stis
464 3595 572 3672 Alpa,
589 3595 630 3669 ΙΙ,
639 3595 690 3655 64.
700 3597 745 3656 Ut
751 3599 836 3672 puta,
846 3599 876 3654 si
887 3604 929 3654 te·
983 3615 1062 3669 ram,
1079 3597 1240 3673 pensiones
1254 3601 1286 3655 et
1300 3613 1377 3672 ques
1386 3613 1482 3673 cogor
1491 3596 1609 3664 solvere,

286 3685 367 3738 neat
385 3677 512 3737 scalam
527 3677 565 3746 et,
580 3678 639 3752 qui
653 3677 930 3735 ascenderetsine
983 3684 1016 3737 et
1036 3695 1112 3752 ques
1133 3681 1334 3753 percepturus
1358 3673 1505 3748 fuissem,
1527 3675 1608 3750 quood

288 3777 347 3817 suo
357 3757 488 3816 aemilio
498 3755 544 3836 (S.
556 3755 732 3834 Alph.,III,
743 3755 853 3828 soson
867 3753 926 3834 fl.).
983 3757 1074 3816 sedes
1095 3756 1250 3834 repositae
1270 3755 1386 3815 iterum
1408 3754 1609 3828 habitastis

345 3837 466 3898 luserit
487 3853 567 3896 nunc
588 3835 728 3911 singulas
756 3835 930 3895 restitutio-
984 3835 1052 3896 cari
1071 3837 1200 3912 possint.
1225 3835 1319 3906 Etsi,
1336 3836 1550 3913 exquadrigs,
1566 3833 1607 3892 vel

286 3917 335 3976 nis
350 3933 458 3976 causas
476 3914 639 3992 complecti
651 3913 825 3974 notissimis
839 3931 930 3991 penes
983 3915 1050 3993 pari
1073 3931 1231 3990 equorum,
1253 3931 1346 3973 unum
1360 3915 1523 3987 occideris,
1534 3916 1609 3975 dobes

287 3996 421 4058 Nostros
443 3995 627 4054 versiculis:
656 3995 765 4053 Iussio
788 3994 822 4076 (5
843 3994 927 4066 203,
983 3995 1093 4054 nedum
1115 3995 1210 4054 occisi
1231 3989 1365 4071 pretium
1379 3991 1608 4066 restituerem

288 4073 601 4155 consitiumffiwt),
614 4093 795 4135 consensus
817 4073 927 4150 5202,
983 4080 1016 4134 et
1035 4075 1145 4149 quanti
1165 4073 1334 4149 depretiati
1355 4079 1427 4133 sunt
1448 4075 1501 4147 qui
1521 4087 1608 4150 super·

284 4153 385 4232 palpo
399 4155 432 4237 (5
441 4153 527 4234 205),
539 4175 695 4216 recursus
710 4075 837 4235 (52088,
850 4173 929 4232 por·
984 4161 1056 4214 sunt
1075 4153 1126 4234 (L.
1141 4152 1193 4225 22,
1209 4153 1263 4211 Ad
1275 4154 1314 4213 L'.
1329 4148 1472 4231 Amat).

287 4235 431 4310 ticipoos
451 4235 484 4314 (ὅ
505 4232 599 4313 207),
631 4245 755 4305 mutus,
784 4253 852 4294 mon
873 4238 928 4296 ob·
1043 4229 1087 4310 (4)
1107 4235 1155 4294 Ex
1170 4233 1206 4293 L.
1223 4231 1274 4304 32,
1291 4251 1352 4310 pr.,
1376 4233 1423 4293 De
1447 4233 1543 4294 Usum

286 4321 391 4384 stans,
413 4333 482 4374 nom
504 4317 728 4391 manifestans
749 4314 782 4393 (5
801 4311 886 4395 209).
1042 4313 1089 4452 (5)
1103 4315 1151 4374 Ex
1165 4314 1202 4373 L.
1222 4313 1271 4384 10,
1287 4313 1452 4373 DePertc.
1467 4321 1604 4373 etcomm.

363 4391 394 4472 l)
415 4393 478 4454 LL.
491 4393 541 4467 35,
557 4395 608 4468 75,
625 4395 672 4456 De
687 4397 722 4456 V.
734 4397 767 4455 S.
982 4395 1023 4452 R.
1074 4416 1096 4466 .,·
1110 4395 1146 4454 L.
1160 4395 1234 4467 Um,
1248 4393 1294 4454 De
1309 4395 1398 4454 sent.
1415 4411 1502 4470 quae
1512 4403 1606 4470 proco

362 4474 383 4534 2
416 4476 452 4534 D.
470 4476 542 4546 Tu,
559 4477 590 4548 2,
606 4475 637 4548 2,
654 4476 704 4548 62,
722 4477 752 4536 2.
984 4475 1070 4551 quod
1085 4478 1162 4542 iot.,·
1175 4473 1224 4535 Of.
1246 4473 1354 4546 poth,
1372 4471 1472 4542 othl„
1486 4489 1505 4530 a
1517 4474 1535 4548 ἓ
1549 4469 1603 4531 150.

361 4555 382 4614 3
408 4555 444 4616 L.
457 4555 506 4628 13,
519 4555 600 4616 Item
611 4563 721 4614 ratam
730 4555 818 4624 hats
827 4554 927 4625 hess,
1043 4553 1090 4636 (6)
1100 4555 1200 4625 hess,
1211 4553 1253 4628 11,
1264 4553 1390 4628 21‚102;
1402 4547 1604 4630 Lugoxvffl,

288 4635 331 4710 ΙΙ,
389 4635 465 4710 ,68;
486 4638 583 4714 Lago,
600 4631 718 4708 XVIII,
734 4633 786 4708 75,
804 4635 854 4694 81.
871 4635 929 4695 Ut·
982 4632 1033 4694 28.
