3334 5128
9 365 10 374 2
226 314 330 362 aanor
354 316 402 364 ιιι.
428 315 467 360 oc
491 313 930 378 srnvrrurmus,m1c1mous
953 315 992 359 nr
1015 313 1210 360 nieoruoors
1325 291 1389 362 147

9 387 14 496 l
59 438 93 486 ea
115 419 203 486 torte
228 415 425 506 acquisito),
450 414 602 486 servitus
624 415 774 486 tollenda
798 419 863 502 cst,
881 413 1023 485 domino
1046 413 1175 504 praedii
1200 413 1387 486 servientis

9 497 11 624 l
58 523 341 613 quandocumque
363 521 396 592 id
421 527 572 612 petente,
591 515 751 592 restituto
768 522 890 612 pretio,
908 521 937 591 si
953 523 1044 616 quod
1060 521 1088 592 is
1104 526 1285 611 acceperat
1304 521 1386 610 (49).

9 649 11 730 q
112 627 407 698 pauitantibus
430 628 665 720 aquaeductus
688 627 802 698 dicam
825 627 928 697 intra.

9 731 12 778 )
412 761 417 768 .

9 813 11 940 1
209 857 303 936 Scor.
329 860 386 926 111.
406 856 634 924 servitutibus
656 854 953 946 quemadmodum
977 853 1147 922 utendum
1171 857 1225 938 sit,

8 963 9 980 ¹
480 971 512 1030 et
535 961 704 1054 quomodo
729 965 955 1032 amittantur.

8 1167 9 1170 ’
115 1173 193 1266 175.
212 1177 252 1242 ln
269 1174 515 1244 controversiis
530 1173 747 1259 definiendis,
765 1195 854 1266 quae
870 1172 952 1245 oriri
968 1175 1081 1245 solent
1096 1174 1189 1244 inter
1208 1175 1389 1245 dominum

60 1279 179 1370 praedii
202 1280 388 1350 servientis
411 1287 447 1352 et
469 1281 650 1352 dominum
676 1281 805 1371 praedii
831 1281 1056 1366 dominantis,
1082 1303 1127 1352 ne
1148 1282 1222 1351 iura
1239 1284 1389 1373 proprie·

8 1397 9 1452 ζ
60 1387 134 1458 tatis
155 1388 230 1478 plus
249 1407 361 1479 aequo
377 1387 528 1458 coerceri
545 1387 760 1476 viderentur,
778 1409 859 1457 cum
875 1387 1016 1458 domino
1032 1386 1161 1475 praedii
1178 1387 1391 1458 dominantis

8 1555 10 1582 ,
58 1495 203 1564 strictius
225 1500 345 1564 actum
368 1495 473 1564 tuisse
509 1495 583 1564 iure
619 1494 797 1566 communi
830 1494 1009 1564 neminem
1044 1493 1228 1584 praeterit:
1266 1515 1390 1565 verum

59 1606 125 1672 NN.
150 1607 227 1687 tu,
253 1605 290 1671 et
312 1602 515 1691 praesertim
540 1601 687 1687 uostris,
720 1601 879 1671 nonnihil
909 1600 1092 1670 remissum
1117 1606 1170 1670 est
1193 1600 1235 1670 de
1260 1603 1389 1672 veteris

8 1733 10 1802 ss
60 1702 136 1774 iuris
157 1705 283 1794 rigore,
309 1712 385 1773 tum
409 1703 606 1796 aequitatis,
633 1709 709 1772 tum
733 1703 936 1787 industriae,
962 1708 998 1772 et
1021 1702 1057 1772 in
1081 1701 1202 1792 primis
1227 1724 1389 1792 agrorum
1485 1761 1487 1767 ,

8 1815 9 1880 ᾗ
58 1813 204 1880 culturae
228 1811 400 1882 fovendae
424 1831 527 1880 causa
547 1813 606 1901 (1).
632 1815 705 1880 Hoc
729 1810 959 1900 praemonito,
985 1809 1028 1880 ad
1052 1831 1127 1880 rem
1144 1809 1340 1880 veniamus.

8 1919 9 2010 ξ
112 1917 282 2008 Principio
305 1916 422 2007 igitur,
448 1917 479 1988 ei
503 1917 559 1987 cui
582 1917 734 1988 servitus
756 1917 936 2007 competit,
962 1937 1004 1987 ea
1027 1937 1162 2009 quoque
1186 1925 1390 2010 competunt

8 2021 10 2112 ῗ
57 2021 124 2094 siue
146 2024 270 2115 quibus
293 2023 443 2098 servitus
466 2025 635 2110 exerceri,
660 2031 722 2094 aut
745 2023 945 2094 conservari
971 2023 1131 2116 nequiret
1149 2026 1208 2113 (9).
1237 2028 1281 2094 41
1305 2047 1389 2096 vero

8 2121 10 2216 ζ
60 2129 152 2200 debet
174 2151 215 2200 ea
239 2129 304 2218 uti,
330 2135 504 2222 quatenus
532 2131 639 2200 tundo
667 2129 862 2200 dominanti
891 2151 976 2220 opus
1005 2134 1076 2218 est;
1113 2151 1178 2200 nec
1202 2129 1252 2198 uti
1278 2137 1390 2219 potest

8 2263 10 2270 ’
60 2257 113 2326 pro
135 2237 201 2308 alio
224 2237 346 2322 tundo,
372 2243 489 2326 postea
514 2239 603 2306 forte
625 2235 795 2328 quaesito,
822 2239 879 2308 vel
902 2259 964 2327 pro
987 2237 1054 2308 alia
1082 2237 1180 2308 tundi
1214 2246 1311 2328 parte
1328 2241 1386 2328 (ὅ)

8 2335 10 2342 ’
59 2343 173 2420 deinde
195 2343 248 2412 uti
272 2344 375 2414 debet
398 2365 459 2434 pro
482 2343 716 2414 concessionis
739 2343 858 2431 modo;
884 2344 1010 2430 etita,
1043 2351 1082 2412 ut
1109 2366 1154 2415 ne
1186 2351 1392 2434 praegravet

60 2449 197 2519 lundum
220 2449 456 2538 servientem
483 2451 591 2521 immo
617 2471 697 2520 cum
721 2450 861 2536 minori,
887 2472 955 2542 quo
978 2449 1052 2520 ficri
1070 2457 1195 2541 potest,
1214 2451 1316 2520 huius
1332 2451 1388 2520 de·

7 2591 10 2648 ς
61 2555 214 2628 trimento
234 2559 293 2648 (t):
320 2581 445 2628 verum
469 2560 497 2628 si
521 2559 671 2629 servitus
695 2559 900 2628 naturaliter
923 2563 1050 2628 noceat
1072 2559 1179 2630 fundo
1206 2559 1386 2646 servienti,

7 2813 9 2824 ,
113 2756 175 2838 (49)
196 2761 229 2820 Ο.
255 2759 310 2832 Ι1.,
326 2759 396 2820 596.
414 2761 455 2818 Et
469 2759 514 2818 ita
536 2762 627 2819 vetus
648 2758 689 2818 lis
743 2759 859 2818 Verum
878 2759 1017 2819 dominus
1032 2759 1118 2818 tundi
1133 2760 1322 2818 dominantis
1337 2777 1388 2817 ne-

59 2853 203 2912 pcnesnos
219 2838 311 2899 finita
325 2844 385 2908 est,
408 2854 486 2914 quae
500 2838 687 2914 peuesGall.
744 2856 828 2898 cesse
849 2838 954 2910 habet,
977 2856 1028 2898 res
1050 2839 1081 2897 iu
1104 2839 1271 2914 pristinum
1300 2856 1388 2916 repo-

7 2939 9 2960 ι
61 2915 687 2995 to.aduuovtgeutvraruess„1,225;
744 2935 818 2978 nere
840 2919 904 2978 suis
930 2918 1087 2996 impensis.
1117 2918 1175 2978 Sed
1206 2935 1244 2977 an
1274 2921 1306 2978 et
1334 2919 1388 2976 da·

7 2989 9 3046 3
60 2995 167 3154 {oms
177 2999 248 3070 321;
266 2999 307 3058 cl.
320 2998 461 3075 Attagus,
474 2999 512 3056 ad
528 3001 598 3058 Art.
615 2999 686 3070 685,

7 3149 9 3176 ³
112 3156 155 3238 (l)
176 3159 209 3218 C.
227 3158 360 3230 6.,645;
376 3159 431 3230 11.,
447 3157 517 3218 544.
535 3159 628 3220 Gaius
643 3159 689 3217 rei

60 3236 121 3296 heic
140 3255 230 3296 uuum
245 3239 420 3314 exemplum
435 3238 602 3314 proferam.
620 3239 690 3296 lure

7 3335 9 3362 2
60 3319 213 3390 communi,
240 3320 305 3390 ria,
332 3318 383 3377 vel
404 3319 595 3393 aquaeductu
617 3319 691 3378 sim·

7 3401 9 3406 '
60 3395 175 3470 pliciter
196 3399 324 3474 legatis,
341 3398 372 3456 in
395 3399 545 3457 facultate
567 3398 690 3458 heredis

7 3497 8 3550 j
59 3481 101 3536 est
110 3495 263 3554 perquam
272 3484 394 3554 partem
405 3477 492 3537 fundi
502 3477 689 3538 constituere

7 3629 9 3632 Ι
61 3555 131 3618 velit
150 3557 335 3618 servitutem
357 3557 407 3638 (L.
425 3557 475 3630 26,
503 3557 549 3617 De
565 3558 597 3618 S.
615 3555 687 3636 R.):

7 3633 9 3660 ¹
60 3635 104 3693 sed
117 3653 151 3695 ea
164 3638 261 3697 semel
276 3640 459 3710 constituta,
473 3638 576 3698 neutri
588 3638 692 3698 varia·

7 3729 9 3796 J
60 3731 89 3772 re
101 3715 254 3793 integrum
275 3723 323 3778 est
343 3717 445 3778 altero
468 3717 568 3777 invito
588 3717 640 3796 (L.
657 3717 688 3788 9,

7 3819 8 3826 ¹
61 3794 88 3854 t.
102 3795 147 3874 t.);
159 3803 191 3856 et
204 3797 418 3869 nihilomiuus,
435 3798 503 3856 iure
518 3805 635 3871 nostro,
653 3797 690 3857 li·

7 3919 8 3922 *
60 3877 202 3936 cetetiam
217 3875 340 3936 domino
355 3878 473 3954 praedii
488 3877 688 3948 dominantis,

59 3951 85 4012 si
97 3956 150 4016 hoc
170 3957 228 4016 sibi
252 3975 309 4016 nou
332 3957 532 4018 mediocriter
552 3957 691 4034 profutu-

63 4048 133 4107 rum,
155 4036 249 4096 alteri
273 4055 347 4096 vero
361 4037 443 4096 nihil
457 4035 633 4096 obfuturum
649 4039 691 4097 sit

61 4111 103 4189 (6.
121 4116 172 4188 lt.,
187 4115 259 4187 645,
276 4117 295 4192 5
310 4115 395 4196 ult).

112 4194 154 4274 (2)
173 4197 209 4256 L.
220 4196 274 4268 12,
287 4199 409 4257 Cottum.
426 4195 548 4256 Praed.
560 4216 572 4264 ,·
586 4199 619 4257 0.
638 4199 688 4268 6.,

60 4271 124 4346 696,
143 4277 213 4350 697,
237 4277 291 4350 11.,
316 4279 388 4339 639.
416 4277 454 4334 V.
473 4293 513 4348 c.,
537 4279 691 4337 servitute

7 4423 9 4430 γ
60 4352 173 4415 itineris
186 4375 339 4430 concessa,
363 4373 433 4433 qua,
457 4357 518 4416 uisi
538 4375 629 4433 opere
644 4355 693 4416 fa·

61 4436 113 4506 cto,
135 4437 174 4495 iri
195 4455 252 4496 uon
274 4439 383 4514 possit,
408 4437 485 4497 licet
500 4435 639 4496 lodiendo
659 4443 692 4498 et

61 4514 248 4576 substrueudo
258 4519 321 4578 iter
336 4517 439 4577 lacere
454 4515 504 4596 (L.
524 4515 572 4588 10,
589 4517 621 4578 lt.
640 4515 689 4596 1.).

61 4589 97 4652 Bt
115 4598 140 4654 si
153 4596 351 4658 reficiendum
365 4598 483 4674 aliquid
498 4597 608 4656 sitnon
624 4597 691 4656 sine

58 4671 160 4734 damno
173 4676 257 4738 tundi
273 4677 452 4748 servientis,
466 4677 492 4736 is
506 4676 573 4752 pati
586 4679 687 4736 debet.

744 3016 848 3056 muum
860 2996 978 3056 sarcire
989 2998 1110 3068 debeat,
1128 2999 1211 3057 iuter
1234 2997 1258 3056 1.
1277 2999 1311 3058 6.
1329 3016 1388 3056 uon

744 3079 823 3137 satis
844 3077 999 3137 convenit.
1023 3077 1134 3138 Placet
1148 3079 1305 3136 sententia
1320 3080 1388 3138 exi·

744 3157 951 3226 stimantium,
968 3158 1161 3216 sarciendam
1176 3174 1253 3228 esse,
1271 3157 1298 3216 si
1310 3159 1389 3216 rete·

745 3237 808 3296 ctio
830 3235 926 3295 tuerit
940 3237 1206 3308 extraordinariam
1224 3238 1251 3295 si
1266 3237 1389 3296 ordina·-

744 3316 804 3388 ria,
827 3321 860 3374 et
881 3317 963 3374 citra
985 3333 1070 3376 suam
1086 3315 1219 3392 culpam,
1237 3335 1295 3376 uon
1311 3317 1387 3376 item

744 3395 888 3473 (Macco,
907 3396 964 3466 III,
984 3395 1065 3472 145).

804 3475 850 3556 (3)
871 3477 935 3536 LL.
947 3479 977 3546 5,
990 3477 1077 3548 6,24,
1087 3477 1138 3547 33,
1155 3477 1174 3550 ἓ
1190 3475 1218 3547 l,
1235 3477 1282 3536 De
1297 3475 1388 3544 S.R.,·

745 3555 779 3616 0.
797 3557 850 3628 It.,
867 3558 938 3629 6473
962 3558 1104 3628 Zachar.,
1120 3557 1191 3626 253,
1208 3575 1238 3616 n.
1255 3557 1285 3615 3.
1303 3555 1385 3624 Nisi,

746 3635 803 3710 1⁰„
826 3637 909 3696 aliud
925 3643 1029 3697 actum
1045 3637 1205 3707 videatur3
1222 3640 1341 3713 utputa,
1360 3635 1387 3694 si

745 3733 842 3792 aquae
863 3718 1051 3776 hauriendae
1080 3718 1216 3777 servitus
1241 3715 1319 3774 mihi
1341 3714 1386 3773 ita

746 3798 916 3857 constituta
925 3797 978 3868 sit,
989 3803 1034 3867 ut,
1046 3813 1145 3855 meum
1158 3798 1309 3871 ingressa,
1323 3809 1390 3851 mea

746 3875 813 3948 tiat3
837 3877 888 3936 vel
911 3883 944 3936 ut
964 3877 1033 3936 inde
1048 3893 1116 3936 eam
1130 3877 1259 3934 educere
1274 3874 1387 3950 possim

746 3975 804 4032 qua
825 3957 932 4016 velim.
957 3959 1031 4028 Aut,
1048 3955 1106 4031 211,
1124 3955 1153 4013 16
1170 3955 1249 4013 nihil
1265 3969 1389 4030 prorsus

746 4041 855 4096 noceat
865 4036 958 4096 tundo
969 4035 1121 4096 servienti
1135 4032 1284 4114 (Demol,
1301 4049 1383 4089 uum.

746 4114 829 4192 847):
853 4117 903 4174 sed
926 4117 1022 4192 quoad
1045 4117 1102 4173 hoc
1116 4115 1155 4176 V.
1172 4115 1191 4186 ,ξ
1207 4113 1274 4186 111,
1287 4131 1317 4172 ιι.
1334 4111 1384 4169 33.

806 4193 851 4275 (4)
865 4199 902 4256 L.
919 4189 1385 4267 9,1.1.,·6.6.,701;11.,646,

746 4277 816 4347 646,
833 4279 902 4336 647.
922 4278 1012 4348 Hinc,
1025 4293 1056 4334 v.
1076 4294 1115 4344 c.,
1133 4275 1173 4344 ei,
1188 4275 1236 4332 oui
1252 4273 1388 4332 servitus

746 4356 905 4416 stillicidii
921 4371 1064 4415 concessa
1078 4363 1136 4426 est,
1154 4355 1210 4412 hoc
1222 4352 1318 4413 altius
1329 4351 1389 4412 tol·

747 4435 823 4505 lere,
857 4437 1054 4494 retroducere
1084 4434 1178 4506 lioet;
1208 4434 1385 4502 demittere,

746 4517 923 4590 producere,
940 4514 1085 4574 nonlicet
1099 4513 1183 4594 (1.9,
1200 4513 1218 4588 ἓ
1231 4513 1267 4572 Si
1279 4521 1388 4580 autea,

746 4595 792 4654 De
804 4594 836 4654 S.
857 4591 920 4672 U.).
938 4595 1054 4654 Itinere
1069 4611 1222 4666 concesso,
1240 4593 1389 4652 nonlicet

745 4693 800 4753 per
821 4676 937 4734 aredius
948 4674 1056 4748 villas,
1071 4679 1124 4734 aut
1140 4673 1247 4732 vineas
1262 4673 1326 4744 ire3
1343 4677 1387 4743 ct,
