3404 5126
186 333 258 378 our.
274 333 296 378 r.
316 333 356 378 us
372 332 470 381 rarus.
489 333 573 390 oum.
593 335 750 382 nauouur.
770 335 812 380 sa
827 333 910 390 Quae
926 335 958 380 ru
975 335 1072 382 rara.
1091 333 1208 382 uosrno
1224 335 1302 382 suus
1351 315 1415 383 217

6 503 7 508 ,
69 433 214 519 cilonia,
230 432 365 525 quoties
390 433 522 526 crimen
546 435 703 526 proditur
726 455 771 505 ex
795 435 884 506 iusta
908 455 1030 504 causa:
1049 457 1080 505 e.
1100 457 1147 524 g,
1166 437 1210 508 ad
1235 436 1416 507 vitandum

6 597 8 630 ,
68 539 241 610 damnum
266 560 371 628 gravo
394 539 571 630 spirituale
594 540 700 630 ipsius
716 541 948 633 delinquentis
974 543 1041 630 (17)
1057 567 1064 629 ;
1083 544 1139 612 vel
1163 544 1309 634 quodvis
1325 542 1417 614 aliud

6 669 8 728 3
69 646 243 716 damnum
267 647 436 718 iniustum
467 654 502 717 et
525 669 649 737 grave;
675 648 749 718 sive
785 649 973 740 publicum,
998 651 1073 720 sive
1097 656 1210 736 tuum,
1235 651 1310 722 sive
1334 653 1417 721 alte·

6 749 7 752 ’
70 753 167 840 rius,
193 752 275 823 licet
299 753 415 823 minus
438 776 543 844 grave
567 776 621 842 eo,
646 755 738 848 quod
761 755 923 826 imminet
946 755 1141 846 diffamato,
1167 756 1241 826 sire
1277 757 1417 848 abipso

69 857 252 928 diffamato
276 857 471 946 immineat,
497 862 587 952 quod
610 863 754 952 planum
778 865 846 950 est,
871 861 946 932 sive
970 861 1120 947 aliunde,
1146 883 1234 953 quae
1262 883 1417 932 commu-

6 975 8 1034 ἶ
70 963 218 1034 nissima
241 965 416 1035 sententia
439 972 493 1036 est
510 967 591 1054 (18).
611 967 662 1038 dd
685 968 782 1054 haec,
809 967 836 1038 si
861 967 949 1059 quia,
968 968 1102 1038 consilii
1129 969 1281 1058 petendi,
1308 969 1417 1040 immo

69 1070 179 1142 auus
202 1070 327 1142 doloris
352 1071 504 1141 leniendi
528 1093 644 1158 causa,
670 1075 846 1144 occultum
870 1075 1012 1144 alterius
1035 1075 1169 1146 crimen
1196 1077 1318 1166 prodat
1341 1075 1415 1162 uni,

6 2749 7 2752 '
135 2755 206 2839 (17)
227 2761 259 2819 S.
284 2759 392 2835 Alph,
416 2759 473 2831 ΙΙΙ,
496 2757 567 2820 968.
591 2759 661 2818 Ideo
685 2761 723 2818 li·

6 2879 7 2882 =
74 2847 125 2900 cet
147 2840 233 2900 clam
254 2839 398 2898 revelare
422 2840 613 2915 parentibus,
636 2858 724 2916 prae·

6 2961 7 2966 .
74 2919 166 2991 latis,
190 2919 333 2992 dominis,
356 2919 531 2996 magistris,
554 2927 614 2980 etc.

71 1177 129 1245 vel
154 1177 255 1246 alteri
279 1177 354 1247 viro
378 1181 483 1268 proho
507 1199 548 1249 ac
571 1180 760 1266 taciturno,
778 1187 841 1250 aut
863 1181 958 1252 omni
982 1182 1081 1272 culpa
1106 1189 1221 1268 vacat,
1239 1191 1301 1254 aut
1324 1189 1418 1252 certe

71 1281 187 1354 letali:
215 1285 298 1354 dum
322 1307 366 1356 ne
390 1287 422 1356 ei
445 1287 579 1376 prodat,
605 1309 710 1380 quem
734 1307 814 1356 reus
837 1288 1002 1376 maxime,
1025 1295 1061 1360 et
1083 1311 1164 1382 prae
1187 1289 1348 1360 omnihus
1370 1291 1418 1360 la-

70 1396 148 1462 tere
171 1391 345 1462 desiderat
371 1394 452 1480 (19).

133 1499 213 1568 261.
240 1499 418 1568 Calumnia
453 1507 507 1570 est
541 1500 696 1570 mendox
730 1499 925 1588 infamatio
956 1504 1039 1592 (20).
1065 1503 1244 1573 Calumnia
1279 1503 1419 1574 menda-

6 1655 7 1658 .
71 1603 169 1672 cium
206 1603 383 1688 continet,
409 1605 691 1699 ideonunquam
727 1607 820 1676 licita
844 1615 909 1692 cst,
935 1629 979 1678 ne
1014 1608 1057 1679 ad
1088 1610 1252 1680 iniuriam
1279 1610 1419 1700 quidem

6 1717 7 1804 J
72 1712 343 1800 propulsandam
370 1713 459 1802 (tl),
486 1733 520 1782 v.
547 1733 593 1798 c.,
627 1713 670 1783 ad
694 1715 889 1786 elidendam
925 1714 961 1784 in
998 1715 1124 1785 iudicio
1159 1736 1322 1806 magnam
1357 1715 1425 1784 tihi

72 1817 221 1887 noxiam
255 1817 470 1887 detrahentis
502 1820 746 1890 auctoritatem
772 1822 858 1909 (22),
884 1823 941 1890 vel
965 1823 1007 1892 ad
1035 1823 1202 1892 honorem
1234 1822 1420 1892 detenden-

6 1915 8 2000 ῗ
73 1923 159 1992 dum
189 1925 271 2011 (23).
292 1923 524 1994 Nihilominus
546 1925 618 2016 qui,
644 1928 711 1996 alio
734 1927 799 1996 sibi
822 1948 906 1996 rere
929 1927 1146 2013 detrahente,
1164 1934 1269 2018 negat
1291 1927 1420 2018 simpli-

73 2027 176 2114 citer,
203 2049 239 2098 se
264 2049 361 2098 rcum
386 2049 473 2115 esse,
491 2052 563 2100 non
586 2031 691 2102 laedit
714 2034 882 2103 iustitiam
896 2034 1271 2126 qumddetractorcm;
1294 2033 1369 2102 sive
1392 2033 1421 2102 is

6 2189 8 2230 7
72 2141 201 2224 sponte
224 2135 395 2221 detrahat,
420 2137 544 2228 quippe
568 2145 629 2208 aut
651 2139 850 2210 nullatcnus
873 2139 905 2210 ei
928 2140 1175 2226 calumniatur,
1201 2145 1263 2208 aut
1285 2146 1422 2228 praeter

6 2263 8 2266 ·
71 2237 324 2327 intentionem,
351 2263 411 2332 per
433 2243 594 2314 accidens
620 2247 709 2334 (24);
735 2246 809 2316 sive
833 2251 974 2316 coactus
989 2249 1065 2336 (ceu
1089 2245 1187 2316 testis
1203 2247 1239 2315 in
1264 2245 1418 2333 iudicio),

70 2353 112 2416 ut
148 2349 285 2438 opinor,
311 2371 394 2420 nam
417 2357 454 2420 et
476 2351 529 2421 his
551 2351 704 2422 detrahit
725 2373 787 2443 per
819 2353 993 2440 accidens,
1020 2360 1057 2423 et
1083 2354 1226 2443 neganti
1249 2373 1286 2423 se
1322 2373 1420 2423 reum

72 2473 149 2524 esse
174 2453 260 2524 fides
277 2457 479 2545 regulariter
494 2459 612 2528 haberi
630 2480 700 2528 non
724 2461 822 2530 solet.
842 2465 884 2530 ut
906 2481 1012 2548 grave
1028 2460 1308 2530 estcalumniam
1325 2460 1422 2528 evul-

778 2779 844 2832 uec,
861 2777 901 2820 ax
922 2759 979 2831 3⁰,
997 2761 1061 2820 alie
1076 2760 1163 2820 furta
1183 2761 1248 2820 eius
1265 2760 1420 2820 revelare.

777 2841 893 2900 Verum
916 2842 991 2900 haec
1017 2842 1135 2900 caritas
1156 2841 1270 2917 erigit,
1294 2858 1351 2899 non
1379 2841 1423 2899 iu·

779 2922 881 2994 stitia,
913 2919 1116 2997 regulariter,
1139 2921 1166 2979 si
1196 2919 1269 2996 quid
1302 2919 1421 2996 opinor.

137 2996 209 3082 (18)
230 3000 269 3058 V.
293 2999 391 3076 Lugo,
416 3001 535 3068 l.c.,'a
555 2998 724 3060 1196111-
777 3001 937 3062 Praeterii
968 3017 1045 3075 quaa
1076 2999 1187 3060 Nostri
1218 2999 1347 3062 tradunt
1367 3001 1419 3080 (V.

6 3131 7 3160 ss
76 3082 221 3150 iustum,
241 3084 275 3139 et
294 3079 419 3157 planum
440 3085 489 3139 est
510 3079 561 3161 (L.
583 3080 654 3154 292,
677 3081 725 3139 De

74 3160 115 3221 R.
139 3156 205 3237 1.);
227 3165 260 3220 et
280 3178 392 3234 prave,
420 3161 510 3231 idest,
534 3163 611 3236 quod
644 3160 725 3220 cari·

6 3231 8 3246 ³
73 3242 126 3300 aas
140 3258 203 3300 non
218 3241 303 3316 cogit
317 3243 396 3317 pati.
409 3239 518 3316 Itaque
532 3240 619 3314 licet,
636 3259 668 3300 r.
682 3259 723 3313 c.,

74 3337 166 3380 reum
199 3323 330 3396 prodere
350 3323 387 3380 ad
400 3379 403 3384 ,
416 3321 609 3380 liberandum
638 3322 725 3380 inno·

76 3407 223 3472 centem
245 3401 411 3462 certiorem
439 3401 575 3476 aliquem
607 3400 721 3472 iacere,

76 3477 196 3551 iuram,
205 3481 258 3540 vel
267 3485 445 3558 corruptam
457 3499 526 3541 esse
540 3497 620 3553 eam,
634 3497 724 3556 quam

6 3619 7 3622 ,
74 3559 138 3619 sibi
157 3559 309 3620 famulam
328 3563 420 3638 petit,
436 3567 490 3622 aut
503 3578 644 3637 sponsam
652 3560 726 3642 (Lu-

75 3655 128 3715 go,
143 3641 167 3700 l.
188 3657 230 3708 c.,
244 3660 274 3700 n.
289 3639 353 3718 63).
370 3641 498 3714 Verum,
515 3646 644 3702 eatenus
658 3647 726 3701 tau·

75 3723 145 3780 tum
168 3721 249 3780 haec
268 3723 398 3797 prodere
420 3724 656 3798 licetquateuus
675 3737 728 3778 ne·

79 3801 217 3860 cessitas
246 3801 350 3878 exigit
378 3799 496 3960 SLugo,
530 3801 614 3872 xlv,
649 3799 725 3873 1083

77 3880 197 3951 aalm,
221 3879 269 3955 13,
292 3884 322 3955 4,
344 3883 385 3942 64
406 3903 415 3941 r
448 3885 586 3958 ideoque,
620 3879 675 3952 1⁰,
699 3881 727 3940 si

6 3997 7 4012 2
77 3961 228 4018 damnum
249 3961 330 4022 alias
351 3963 459 4022 caveri
472 3981 531 4021 non
553 3965 725 4038 potestat,

77 4037 138 4111 2⁰,
162 4041 193 4099 ei
215 4041 313 4100 solum
336 4042 421 4102 cuius
442 4047 491 4103 est
512 4043 655 4102 damnum
677 4057 727 4100 ca-

77 4137 168 4194 rere,
192 4137 259 4192 nec,
281 4120 338 4193 3⁰,
362 4123 431 4200 plus
461 4140 552 4199 quam
574 4139 648 4198 opus
679 4125 734 4192 est,

78 4200 118 4258 ad
140 4202 288 4262 damnum
302 4205 482 4262 cavendum.
496 4199 617 4276 Itaque,
633 4219 664 4262 r.
684 4219 725 4273 c.,

6 4321 7 4324 ,
79 4279 155 4340 Seio
170 4283 248 4356 apud
263 4281 372 4340 herum
387 4281 467 4342 furti
481 4287 636 4352 accusato,
649 4281 727 4356 quod

79 4359 178 4420 (laires
198 4361 336 4433 admisit,
353 4380 411 4420 non
433 4363 521 4434 licet,
537 4379 577 4422 ex
598 4357 654 4432 1⁰,
670 4362 728 4422 (la-

81 4439 148 4499 ium
181 4442 321 4518 prodere,
345 4441 372 4501 si
396 4444 507 4502 docere
534 4441 643 4519 possis,
674 4443 728 4500 Se·

80 4519 158 4594 ium,
183 4538 250 4579 cum
281 4519 400 4580 furtum
431 4523 549 4582 iactum
581 4521 653 4596 luit,
677 4521 728 4578 ab·

81 4596 196 4673 iuiase;
219 4617 286 4672 nec,
316 4619 357 4662 er
376 4601 448 4674 2.⁰.,
472 4603 579 4664 Gaium
608 4603 650 4683 (si
677 4618 729 4659 ne·

84 4696 172 4740 cesse
192 4677 254 4760 est)
275 4681 344 4754 alii,
364 4699 456 4757 quam
478 4683 564 4756 hero,
588 4681 728 4758 prodere3

779 3079 877 3157 Lugo,
903 3084 923 3140 1.
948 3100 989 3149 ο.,
1009 3098 1040 3138 n.
1063 3079 1119 3153 62;
1142 3079 1174 3140 S.
1198 3081 1308 3158 Alpa,
1333 3080 1354 3139 l.
1377 3097 1420 3150 c.,

777 3161 909 3239 9611)(14
930 3159 1122 3220 correctione
1143 3159 1286 3220 fraterne
1312 3165 1344 3220 et
1372 3161 1423 3220 de·

779 3241 987 3302 nunciatioua.

837 3320 903 3404 (19)
924 3321 957 3380 S.
981 3319 1089 3396 Alph,
1106 3319 1164 3393 ΙΙΙ,
1180 3318 1251 3392 971,
1275 3339 1336 3398 pr.,
1350 3320 1421 3380 973.

779 3401 826 3465 Ad
842 3401 997 3473 ultimum,
1014 3417 1112 3476 greve
1127 3404 1186 3472 est,
1204 3401 1294 3460 aiunt
1308 3399 1422 3472 Salm,

780 3488 889 3542 contra
903 3482 1082 3552 caritatem,
1101 3480 1270 3541 obliterata
1290 3479 1424 3539 crimina

780 3563 812 3622 iu
833 3562 1015 3620 memoriam
1044 3577 1203 3622 revocare.
1233 3560 1326 3634 Mihi,
1354 3578 1426 3618 nou·

778 3643 849 3701 dum
871 3642 969 3701 oblita
990 3640 1154 3712 refricare,
1179 3645 1287 3701 contra
1309 3639 1425 3698 carita-

779 3729 862 3794 tem3
894 3721 1017 3798 penitus
1047 3721 1145 3780 oblita
1181 3719 1213 3779 in
1245 3719 1450 3780 memoriam.

780 3818 941 3874 revocare,
963 3807 1073 3860 contra
1102 3800 1257 3860 iustitiam
1280 3817 1347 3858 esse
1379 3797 1427 3856 vi·

781 3883 887 3942 detur:
904 3882 1038 3958 primum
1059 3881 1140 3938 euim
1162 3880 1228 3938 sine
1251 3877 1317 3938 ulla
1332 3890 1425 3938 causa

780 3960 830 4039 (ut
849 3957 995 4038 suppono)
1016 3961 1108 4036 gravi
1130 3975 1270 4017 moerore
1291 3975 1345 4017 nos
1362 3957 1426 4015 affl·

781 4043 840 4113 cit3
864 4041 1000 4100 alterum
1021 4043 1236 4116 recuperatam
1262 4036 1427 4097 existima·

780 4121 897 4180 tionem
919 4121 1034 4179 iterum
1056 4121 1171 4178 aufert.

855 4200 895 4260 20
914 4199 1011 4260 ExL.
1027 4197 1186 4276 l,§l,Act
1194 4198 1226 4258 S.
1246 4197 1280 4258 C.
1292 4197 1422 4275 Turpil.

855 4279 893 4338 21
929 4281 965 4339 Ι).
989 4278 1062 4351 Th,
1085 4279 1115 4350 2,
1138 4281 1169 4350 2,
1191 4277 1243 4350 69,
1267 4278 1297 4338 2.

855 4359 897 4418 22
929 4359 1032 4424 innoc.
1057 4360 1113 4432 XI,
1137 4359 1230 4436 Prop.
1253 4359 1304 4418 43.

854 4439 894 4499 23
927 4441 1031 4498 Iunoc.
1054 4439 1110 4512 XI,
1134 4439 1227 4515 Prop.
1251 4439 1301 4500 44.
1319 4439 1360 4499 Ε1
1381 4441 1431 4497 est

783 4518 1011 4679 gragdssotfft,
1024 4517 1427 4678 IQPAE'dJX’SZQitur...

785 4681 917 4740 Tertius
938 4686 1064 4741 modus.
