3434 5142
271 185 338 258 558
418 209 508 254 unsa
525 209 572 255 Ill.
590 225 612 237 ·
629 207 746 256 TRAC‘I.
767 210 802 256 11.
822 209 885 257 rt‘r.
904 210 972 257 vtrt.
992 211 1031 257 bn
1048 209 1284 258 GON'I'IIAG'IIBUS
1298 209 1472 256 uenturus

275 308 456 400 posteriori
480 309 648 379 adversus
672 309 784 379 solum
809 309 1029 381 donatarium
1045 313 1114 401 (51)
1138 309 1317 402 competit.
1344 309 1548 378 Donationc
1570 331 1624 380 re

160 409 162 414 ’
273 415 384 486 soluta
401 415 445 486 ob
461 414 697 486 conditionem
714 415 932 488 extrinsecus
947 419 1065 507 (Prol,
1083 426 1103 500 5
1118 419 1175 504 41,
1193 439 1229 486 6.
1248 417 1304 504 21)
1320 413 1511 502 adiectam,
1529 435 1623 506 miae

274 521 388 592 medio
413 527 569 612 tempore
594 529 688 612 gesta
713 531 796 592 sunt
818 531 1047 613 evanescunt3
1073 545 1145 595 non
1168 524 1253 594 item
1277 523 1305 592 si
1330 521 1484 594 resoluta
1511 521 1623 594 merit

273 635 353 726 quia
378 631 579 702 donatarius
602 652 709 701 onera
736 631 800 700 sibi
823 631 984 723 imposita
1008 631 1240 722 praetermisit
1255 631 1338 720 (55)
1363 650 1430 700 nec
1446 638 1620 702 mvocata

273 759 319 810 ex
342 738 426 808 iuris
452 735 634 824 beneficio,
661 735 749 807 idest
772 739 816 809 ob
839 736 1124 828 ingratitudinem
1147 735 1317 807 donatarii
1335 737 1416 825 (56),
1443 737 1502 806 vel
1525 737 1621 808 natis

274 843 390 914 liberis
403 845 483 933 (57)
514 844 681 912 adversus
710 863 782 930 666,
814 843 873 935 qui
904 843 1042 936 aliquod
1070 844 1162 913 reale
1190 841 1244 912 ius
1274 841 1503 934 acquisierint
1535 849 1623 914 ante

273 949 521 1039 transcriptam
546 951 781 1020 revocationis
804 949 1020 1021 instantiam.
1048 955 1224 1020 devocata
1247 947 1446 1034 donatione,
1473 947 1527 1034 is,
1564 948 1621 1017 cui

273 1057 441 1127 donatum
465 1057 591 1142 iuerat,
617 1057 751 1125 fructus
776 1077 925 1148 quoque,
951 1078 971 1126 a
995 1055 1050 1127 die
1074 1055 1284 1141 motaetttis,
1310 1055 1463 1125 restituit
1482 1056 1575 1145 (58).

333 1163 409 1233 tao.
438 1167 477 1232 ln
501 1161 746 1232 donationibus
770 1161 1063 1253 contemplatione
1087 1162 1302 1233 matrimonii
1330 1169 1411 1232 sunt
1441 1163 1621 1232 nonnulla

273 1271 445 1360 specialia.
475 1267 578 1340 Porro
604 1269 774 1339 eiusmodi
798 1274 881 1338 sunt
903 1290 992 1362 quae
1007 1269 1137 1340 intuitu
1153 1270 1239 1340 certi
1256 1269 1402 1340 alicuius
1417 1268 1530 1338 futuri
1546 1291 1623 1339 ma·

273 1375 430 1446 trimonii
455 1377 541 1466 (sive
565 1375 706 1466 proprii,
725 1375 799 1446 sive
822 1375 938 1467 alieni)
955 1375 1029 1446 fieri
1053 1377 1166 1446 solent
1182 1377 1262 1466 (59).
1280 1380 1355 1446 1166
1369 1395 1518 1446 emesam
1536 1398 1623 1444 666·

273 1502 392 1552 rosum
417 1482 545 1556 babere
568 1483 836 1572 intellipuntur;
863 1503 988 1572 nempe
1003 1485 1286 1568 matrimonium,
1305 1483 1397 1572 quod
1411 1483 1519 1554 aliter
1535 1504 1624 1552 con·

274 1595 429 1658 tractum
453 1610 526 1658 666
550 1588 672 1676 scisset
688 1591 769 1678 (60).
795 1595 867 1660 llae
892 1588 1009 1680 igitur,
1037 1591 1099 1676 l⁰.,
1118 1596 1189 1660 eta
1213 1587 1348 1658 minore
1363 1587 1438 1658 fieri
1454 1595 1620 1678 possunt,

273 1702 310 1764 et
333 1695 377 1764 ab
393 1695 548 1782 inhabili,
567 1696 771 1767 interventu
788 1697 861 1768 illic
876 1718 997 1768 eorum
1012 1718 1161 1789 quorum
1177 1717 1349 1768 consensu
1365 1719 1410 1768 cx
1426 1697 1502 1766 iure
1517 1699 1620 1770 civili

273 1822 359 1892 opus
381 1809 435 1872 est
457 1803 500 1872 ad
518 1801 782 1873 matrimonium
799 1803 1088 1874 contrabendum:
1106 1801 1163 1872 bie
1179 1802 1349 1872 curatoris
1365 1805 1446 1892 (61).
1464 1803 1514 1873 2⁰.
1536 1808 1619 1874 Non

273 1917 378 2000 egent
400 1911 639 2000 acceptatione
664 1930 826 2000 expressa
843 1912 923 2000 (62).
951 1915 1035 1996 Ne'c,
1061 1911 1138 1996 5⁰,
1153 1910 1310 1980 revocari
1334 1917 1477 2000 possunt
1493 1911 1541 1979 ob
1565 1911 1619 1982 in-

273 2017 535 2107 gratitudinem,
562 2017 619 2087 vel
643 2015 735 2087 natis
759 2016 874 2087 liberis
890 2017 971 2108 (66).
998 2022 1103 2088 Facta
1126 2019 1247 2088 lavore
1269 2015 1374 2086 unius
1395 2037 1441 2086 ex
1463 2019 1616 2108 sponsis,

273 2123 331 2193 vel
355 2123 548 2216 utriusque,
578 2143 649 2194 nun
674 2122 879 2214 intelligitur
896 2123 987 2194 iacta
1004 2123 1111 2194 etiam
1127 2123 1206 2194 tiliis
1221 2123 1406 2194 nascituris
1420 2126 1503 2214 (61)
1521 2126 1618 2196 16616

274 2231 409 2320 sponsis
433 2236 470 2300 et
491 2229 582 2317 tiliis,
609 2251 732 2301 omnes
755 2251 866 2323 aequo
890 2232 965 2301 iure
988 2237 1176 2302 censentur
1192 2231 1271 2320 (65).
1299 2235 1549 2316 atterenda
1566 2253 1618 2304 66

274 2336 390 2428 quutis
416 2336 559 2426 nuptiis,
585 2337 697 2406 nullas
721 2335 814 2407 vires
838 2337 943 2408 babet
958 2338 1039 2426 (66)
1064 2336 1148 2406 item
1173 2335 1227 2407 tris
1249 2343 1368 2426 postea
1398 2337 1508 2407 irritis
1538 2359 1616 2428 pro·

275 2442 462 2529 nunciatis,
489 2443 548 2512 sed
572 2443 647 2512 iura
672 2443 814 2514 interim
837 2444 951 2514 tertiis
973 2443 1128 2536 quaesita
1153 2445 1249 2514 salva
1265 2448 1487 2534 permanent;
1504 2443 1618 2516 immo
1706 2491 1708 2544 ,

273 2555 310 2620 et
332 2550 407 2621 iura
431 2549 595 2636 tiliorum,
621 2551 649 2619 si
675 2551 798 2620 saltem
821 2568 914 2620 unus
936 2572 982 2620 ex
1005 2549 1208 2642 coniugibus
1231 2549 1315 2620 illud
1337 2551 1561 2620 contraxerit
1575 2549 1612 2620 in
1706 2555 1708 2640 j

335 2763 411 2832 521.
431 2763 481 2832 Ad
499 2763 663 2832 ultimum
680 2763 862 2834 videamus
876 2764 919 2834 de
934 2762 1180 2834 donationibus
1195 2761 1384 2832 indirectis.
1403 2762 1616 2832 tndireetam

273 2867 500 2940 donationem
516 2869 574 2939 hic
590 2869 780 2958 accipimus
794 2889 886 2955 eam,
904 2890 993 2961 quae
1008 2867 1049 2938 fit
1063 2889 1134 2938 non
1146 2874 1285 2938 servata
1302 2868 1413 2937 torma
1429 2867 1516 2937 iuris
1531 2867 1613 2957 (68).

275 2973 489 3044 Donationes
512 2973 710 3045 huiusmodi
734 2975 791 3044 vel
815 2973 1022 3045 manifestae
1045 2980 1139 3060 sunt,
1165 2973 1223 3043 vel
1246 2971 1442 3044 simulatae.
1466 2973 1615 3044 6166116

333 3189 401 3272 (54)
421 3193 470 3252 Ex
491 3189 554 3266 §ln
578 3191 625 3251 De
641 3191 738 3267 Perp.
756 3200 787 3251 et
806 3200 918 3270 tcmp.‚·
970 3196 1022 3250 ctu
1043 3191 1239 3250 matrimonii
1259 3190 1331 3251 lieri
1351 3191 1464 3252 debent
1477 3191 1614 3271 (16666,

275 3271 309 3335 0.
326 3273 378 3343 0.,
401 3270 474 3344 957,
493 3269 521 3343 1)
538 3271 593 3342 16,
608 3271 697 3344 1082,
717 3272 745 3332 l.
763 3272 833 3334 Non
848 3289 917 3332 con·
971 3269 1171 3339 0661661661,
1181 3268 1285 3350 2470).

272 3357 325 3412 tra
347 3351 585 3422 6166666666),
607 3353 681 3427 quia
710 3352 845 3412 iniuriae
871 3353 916 3412 ul·
1044 3349 1081 3410 61
1119 3353 1153 3412 0.
1178 3351 1232 3423 16,
1257 3351 1347 3423 1386,
1372 3349 1462 3410 1387.

274 3431 391 3490 tionem
414 3430 564 3491 continet.
1045 3430 1088 3490 62
1118 3433 1153 3493 0.
1177 3431 1232 3504 16,
1257 3430 1347 3504 1062)
1370 3433 1422 3502 G..
1440 3431 1533 3492 1087.

264 3523 273 3550 t
331 3509 398 3590 (55)
426 3513 460 3572 0.
491 3509 547 3583 16,
572 3509 776 3582 1079,1080.
801 3511 917 3574 Contra
1030 3509 1084 3590 (63
1111 3511 1145 3572 O.
1163 3511 1218 3582 16,
1237 3512 1326 3574 1087.
1343 3513 1462 3572 066166
1476 3511 1610 3583 (1.,960.

273 3595 307 3654 0.
325 3593 376 3662 (1.,
398 3591 469 3662 954,
493 3591 567 3667 quia
588 3592 665 3650 haee
680 3592 815 3653 conditio
837 3593 919 3652 inest
1031 3591 1083 3674 (64
1117 3593 1163 3650 06
1189 3587 1285 3664 Luco,
1316 3589 1363 3650 De
1380 3591 1613 3660 Fidcieomm„

273 3670 384 3734 166116.
971 3671 1055 3732 Disc.
1079 3671 1149 3744 140,
1171 3671 1202 3744 6)
1225 3672 1260 3734 0.
1284 3671 1339 3744 16,
1364 3669 1455 3744 1002,
1474 3673 1502 3732 l.
1520 3673 1613 3732 Secus

272 3834 307 3896 6.
332 3748 915 3904 i5ff)915's;⁷ie⁰jrlr⁹fss¹.³⁹v⁰⁶'mh
971 3769 1010 3810 ΘΧ
1031 3751 1444 3913 (1616108116666
1463 3832 1523 3908 53,
1539 3831 1615 3894 roas

334 3907 400 3989 (57)
421 3911 456 3972 O.
479 3909 535 3985 16,
562 3911 651 3974 1088.
673 3911 791 3973 Contra
812 3911 846 3973 0.
864 3911 915 3983 Ge,
971 3912 1034 3988 51.
1058 3911 1130 3971 Ideo
1150 3911 1212 3972 filii
1233 3913 1413 3972 immediato
1427 3911 1566 3988 capiunt,
1581 3917 1612 3971 ct

273 3993 345 4053 963.
971 4009 1030 4051 666
1044 3993 1133 4068 quasi
1143 3992 1426 4052 fideicommissarii
1436 3990 1529 4068 (quod
1540 3991 1612 4052 olim

349 4071 388 4131 58
424 4071 457 4130 0.
482 4070 537 4142 16,
562 4071 652 4134 1089.
971 4089 1030 4131 666
1045 4071 1123 4132 satia
1135 4069 1304 4151 constitit):
1320 4089 1358 4130 66
1371 4071 1500 4148 proinde
1511 4089 1592 4130 omne

349 4150 389 4212 59
413 4149 620 4225 0.11.,1062,
639 4152 729 4226 1087)
746 4155 784 4213 V.
802 4153 847 4212 06
857 4149 918 4212 Lu·
971 4151 1109 4212 viritim.

272 4249 322 4304 ca,
346 4231 392 4290 Dc
409 4228 543 4300 Donat„
565 4233 650 4293 Diae.
674 4232 699 4292 1.
1031 4229 1096 4310 (66)
1111 4229 1213 4302 (616,
1231 4229 1321 4304 1068)
1336 4233 1389 4304 (1.,
1407 4231 1498 4292 1088.
1517 4233 1601 4292 Pron

333 4309 399 4393 (60)
415 4311 505 4382 Feb,
525 4311 645 4384 codic„
660 4311 730 4372 Lib.
747 4312 834 4384 VIII,
850 4311 915 4373 Tit.
971 4313 1025 4372 dos
1045 4309 1096 4450 gb.
1120 4312 1158 4383 6,
1174 4311 1221 4372 Dc
1237 4313 1370 4372 Condic.
1392 4329 1486 4371 caus.
1509 4307 1605 4388 data).

272 4389 323 4464 38,
346 4389 410 4449 def.
435 4389 463 4448 1.
481 4389 552 4450 lure
568 4392 732 4464 communi,
749 4396 781 4451 61
796 4392 919 4452 Gallico
1065 4388 1098 4470 7)
1119 4391 1154 4452 0.
1172 4393 1227 4465 16,
1244 4389 1334 4464 1068)
1351 4391 1390 4452 V.
1407 4392 1510 4462 Prot,
1528 4389 1605 4468 §bb

272 4474 344 4532 sunt
364 4485 439 4545 para
454 4475 634 4531 contractus
649 4471 846 4532 matrimonii
859 4471 918 4549 (06
1045 4471 1101 4612 6Βέ
1119 4472 1266 4545 066666,
1289 4470 1360 4544 VII,
1383 4471 1455 4542 305)
1478 4470 1605 4543 Domui,

274 4548 370 4622 Luce,
390 4548 411 4608 l.
424 4565 465 4618 c.‚
476 4567 507 4608 6.
525 4547 568 4628 9).
581 4549 652 4611 1666
667 4551 699 4610 16
715 4551 782 4626 ipso
796 4555 919 4612 contra·
972 4552 1003 4611 X
1049 4595 1057 4624 ,
1101 4551 1152 4626 28)
1174 4551 1307 4625 Mezze..
1330 4551 1385 4625 IV,
1408 4551 1481 4613 248.

1683 4885 1708 5093 l
