3404 5126
197 253 272 300 aar.
290 254 312 300 1.
331 255 371 300 us
386 253 485 302 mma.
503 255 587 311 aurs.
606 256 762 304 eaunuur.
781 259 824 304 sa
839 217 922 314 onae
938 261 970 306 ru
987 262 1083 311 rara.
1098 261 1215 332 nosrno
1232 263 1310 310 suur
1356 245 1421 313 225

5 411 7 442 ,
80 355 129 423 At
151 375 346 446 uunquam,
372 355 503 440 veriuS,
528 357 656 445 obligat
678 377 757 427 oum
782 357 910 428 damno
935 357 1152 448 gravissimo
1171 364 1418 452 promittentis

5 471 6 478 ’
79 459 150 528 nisi
176 460 205 528 is
227 462 294 530 hoe
317 462 514 551 promiserit
536 463 745 534 nominatim
764 463 846 554 (18),
872 466 954 536 licet
977 465 1059 536 illud
1083 489 1144 558 per
1167 469 1332 541 iniuriam
1361 493 1420 541 ex-

5 565 8 590 '
77 568 236 653 torserit,
261 576 504 662 praeterquam
538 570 567 638 si
596 573 684 640 alter
711 592 756 641 ex
792 573 1005 643 revelatione
1037 574 1074 644 in
1105 575 1196 645 idem
1228 578 1421 666 perieulum

5 743 7 770 i
77 675 317 745 coniiceretur
335 677 416 765 (19)
442 680 503 748 sed
526 679 716 764 evanescit,
742 679 770 748 si
796 700 835 750 ea
859 683 1100 770 supervenerit
1125 683 1272 754 mutatio
1290 707 1419 774 rerum,

5 771 7 880 ξ
77 801 149 869 qua
174 787 332 868 extante,
357 783 401 852 ab
423 783 536 869 initio,
562 783 742 873 promissio
767 785 889 855 luisset
913 787 1051 874 illicita;
1077 795 1117 856 ut
1133 793 1228 879 puta,
1255 791 1284 859 si
1317 793 1420 862 celari

77 889 206 980 nequit
228 889 304 959 sine
326 890 455 961 damno
478 892 620 962 alterius
642 891 771 962 iniusto
794 898 831 962 et
854 893 951 982 gravi
971 894 1052 990 (20).
1081 896 1235 988 Denique
1260 899 1419 970 commis·
1528 907 1529 912 ’

5 1029 7 1032 ·
77 1017 158 1066 sum
183 1015 245 1064 seu
269 996 473 1087 rigorosum,
501 1019 572 1068 non
596 1005 708 1068 cessat
730 999 767 1068 in
790 999 920 1070 damno
945 999 1090 1070 alicuius
1105 1003 1246 1092 privati,
1265 1005 1329 1072 etsi
1345 1027 1419 1096 gra·

5 1099 7 1108 “
76 1102 227 1174 vissimo
254 1106 286 1190 (ἓ
303 1105 381 1190 269,
400 1125 436 1173 n.
454 1105 504 1192 l),
529 1105 596 1174 nisi
620 1105 788 1176 damnum
811 1106 855 1176 ab
880 1127 920 1176 eo
945 1106 1140 1193 immineat,
1168 1109 1223 1178 eui
1247 1117 1420 1182 secretum

5 1193 9 1250 ἶ
75 1211 290 1300 promissum
314 1211 381 1280 luit
398 1213 481 1300 (et),
506 1211 640 1297 intuo,
666 1212 730 1282 etsi
754 1213 852 1302 gravi
876 1219 1031 1300 tantum,
1062 1223 1174 1285 cessat
1194 1217 1276 1304 (ttlz
1311 1219 1420 1289 immo

5 1325 6 1328 ’
66 1311 112 1385 ¹et
136 1316 175 1386 in
200 1317 298 1406 gravi
322 1317 449 1386 damno
472 1318 641 1408 spirituali
666 1319 739 1388 eius
761 1319 820 1410 qui
836 1326 1011 1390 secretum
1028 1321 1185 1408 credidit,
1202 1323 1283 1414 quia
1300 1323 1418 1395 illicita

58 1425 201 1494 ,luisset
215 1423 412 1494 huiusmodi
428 1424 553 1493 secreti
569 1423 750 1514 promissio
769 1427 851 1515 (25).
873 1426 942 1494 Sed
958 1434 1071 1497 cessat
1086 1448 1223 1518 semper
1237 1429 1274 1499 in
1290 1430 1418 1502 damno

5 1521 7 1598 ἶ
73 1531 175 1622 gravi
201 1529 408 1620 reipublicae
435 1530 536 1620 (idest
558 1531 745 1620 religionis,
771 1532 827 1601 vel
852 1531 1035 1622 civitatis),
1052 1534 1134 1625 quia
1150 1537 1243 1606 salus
1260 1539 1343 1626 reip.
1363 1559 1418 1608 su-

5 1667 7 1674 ·
73 1651 199 1727 prema
222 1637 279 1706 lex
302 1643 366 1726 est;
392 1643 428 1706 et
449 1638 564 1708 omnis
578 1639 772 1728 promissio,
791 1659 835 1708 ex
851 1660 919 1730 qua
937 1660 1025 1729 resp.
1045 1661 1150 1730 grave
1166 1643 1417 1724 detrimentum

5 1789 6 1840 3
73 1763 202 1833 capere
224 1749 350 1834 potest,
374 1742 507 1830 illicita,
533 1751 637 1836 atque
660 1745 737 1814 ideo
759 1745 888 1816 nullius
904 1766 1043 1835 prorsus
1059 1749 1228 1817 momenti
1244 1755 1309 1820 est.
1329 1746 1418 1836 outo

5 1865 7 1876 ’
72 1851 195 1940 igitur,
221 1851 250 1920 si
273 1851 390 1937 iuderr,
416 1857 478 1921 aut
499 1851 655 1942 superior
677 1853 880 1942 interroget,
899 1873 1027 1942 nempe
1043 1853 1108 1922 rite
1124 1875 1165 1923 ao
1181 1861 1288 1942 reete,
1306 1863 1342 1926 et
1356 1879 1418 1948 pro

5 2029 7 2054 ζ
73 1955 150 2026 iure
176 1961 214 2026 et
237 1977 382 2026 munere
405 1978 467 2028 suo
494 1958 594 2048 (idest
617 1979 697 2028 eum
721 1960 807 2028 haee
833 1959 923 2028 seire
950 1961 1096 2029 interest
1118 1960 1202 2050 reip.
1236 1961 1293 2031 vel
1325 1982 1417 2033 oom-

5 2101 7 2160 i
73 2064 288 2156 munitatis),
313 2087 359 2135 an
383 2070 540 2156 oporteat
556 2065 641 2136 haee
656 2071 789 2136 secreta
806 2066 1052 2136 manifestaret
1067 2065 1192 2158 Utique
1213 2071 1414 2157 naturalia,

71 2172 154 2262 quia
180 2173 321 2263 gravior
343 2173 511 2244 naturalis
534 2175 591 2242 lex
614 2179 725 2262 urget;
751 2179 787 2242 et
807 2177 994 2261 promissa,
1020 2173 1100 2264 quia
1124 2173 1189 2242 etsi
1207 2175 1416 2246 nominatim

5 2275 6 2278 ’
71 2281 291 2370 promisisses
313 2285 349 2350 te
373 2301 437 2350 neo
461 2281 497 2350 in
521 2281 575 2350 his
598 2280 734 2350 ausibus
757 2279 1010 2366 revelaturum,
1036 2280 1155 2349 illicita
1188 2281 1309 2350 luisset
1340 2303 1415 2372 pro-

5 2405 6 2414 *
72 2386 208 2456 missio:
234 2379 306 2457 non
329 2387 414 2457 item
437 2391 632 2473 aomrua’ssa,
658 2385 739 2477 quia
754 2386 840 2456 haee
857 2387 1014 2456 revelare
1030 2385 1165 2476 publice
1181 2387 1414 2476 perniciosum

18 2533 27 2550 ·
72 2502 136 2582 est,
164 2497 246 2564 lieet
267 2499 468 2584 interposito
491 2499 693 2564 iuramento
717 2497 952 2578 testimoniam
973 2493 1140 2584 proferre
1163 2505 1312 2584 sopater
1330 2498 1412 2587 (21),

5 2617 6 2622 ’
70 2602 137 2672 nisi
163 2601 256 2671 forte
281 2600 365 2691 reip.
391 2601 551 2670 nocitura
571 2602 653 2690 (211).

832 2767 899 2851 (22)
921 2772 952 2830 S.
977 2771 1085 2848 Alph.,
1109 2771 1165 2845 ΙΙΙ,
1182 2773 1252 2834 971.
1269 2773 1415 2836 Etiamsi
1474 2835 1476 2838 .

5 2855 6 2900 ἶ
72 2855 261 2932 promissum
284 2872 352 2913 eum
373 2873 427 2912 suo
448 2855 570 2925 damno,
594 2852 656 2912 nisi
686 2855 716 2912 id
772 2848 844 2930 (eit,
867 2870 899 2910 v.
922 2852 978 2910 Aa
1000 2851 1124 2931 autem)
1146 2853 1245 2913 alteri
1260 2858 1412 2917 immine-

70 2949 221 3012 expresse
243 2935 434 3010 promiserim
459 2941 491 2993 et
513 2935 570 2992 hoe
591 2941 716 2993 certam
772 2939 824 2989 ret
842 2933 1030 3010 perieulum
1053 2935 1179 3003 mortis·
1200 2937 1293 2994 modo
1326 2937 1414 2997 ettad

5 2765 6 2824 Ῐ
70 2795 119 2849 ne,
143 2775 301 2834 neminem
311 2774 413 2834 teneri
424 2791 552 2833 serrare
564 2777 716 2834 secretum

5 3067 6 3072 ,
73 3013 228 3094 appellat.
772 3014 846 3070 siae
868 3014 910 3080 υἱ,
933 3021 964 3071 et
982 3015 1104 3088 fraude
1126 3019 1305 3089 exceperis.
1323 3017 1414 3076 Alias

128 3090 200 3176 (18)
221 3093 319 3170 Lugo,
343 3091 429 3165 XIV,
448 3090 714 3166 11530roix,111,

5 3203 6 3208 ¹
70 3174 111 3247 Π,
144 3175 237 3234 1232.
272 3174 362 3244 Quid,
395 3173 423 3231 si
449 3173 630 3248 promiseris
658 3191 716 3232 non

5 3279 6 3284 ¹
69 3253 218 3314 revelare
244 3255 341 3313 etiam
370 3269 438 3311 oum
467 3251 552 3313 ritae
577 3254 717 3314 iactarat

5 3367 7 3396 r
69 3333 205 3401 Quidam
227 3339 260 3392 te
281 3335 380 3393 adhue
400 3333 502 3391 teneri
518 3335 639 3408 putant,
658 3333 713 3392 elii

5 3489 6 3492 Ἴ
70 3418 202 3489 negant3
227 3419 259 3472 et
281 3416 445 3488 utrumque
466 3413 501 3472 S.
523 3413 617 3488 Alph.
642 3413 713 3494 (III,

69 3493 142 3563 971,
169 3511 201 3552 v.
219 3494 289 3553 Hae
303 3491 424 3570 quoad)
446 3495 493 3551 est
514 3493 593 3551 satis
607 3495 716 3569 proba·

5 3573 7 3594 .
69 3573 144 3633 bile.
172 3573 264 3646 Mihi,
289 3573 370 3640 siis,
387 3573 436 3631 oui
452 3573 616 3647 promissio
631 3572 716 3633 faeta

5 3697 7 3700 -
69 3654 145 3722 fait,
172 3651 204 3711 in
226 3655 331 3712 eodem
352 3651 533 3712 discrimine
556 3657 713 3725 versetur,

68 3731 158 3812 prior
179 3733 337 3792 sententia
351 3735 400 3792 est
416 3733 532 3804 verior3
549 3749 647 3803 secus,
663 3751 714 3808 po·

68 3811 199 3885 sterior3
222 3811 481 3889 quia‘promissio
502 3812 630 3889 prodiga
653 3819 712 3885 est,

71 3900 169 3970 atque
191 3893 259 3951 ideo
280 3892 408 3952 illioits.

128 3970 199 4054 (19)
233 3973 337 4045 Lesa,
372 3973 523 4043 Navarr,
565 3971 711 4044 Oonoine,

68 4054 147 4129 apud
179 4053 212 4111 S.
242 4053 336 4129 Alph.
370 4051 451 4132 (Ill,
481 4050 572 4130 969);
604 4056 713 4111 eontra

70 4134 152 4203 Sat„
188 4133 338 4204 Sanchoz,
371 4138 432 4196 ete.
461 4131 713 4210 Praeterquam,

5 4235 6 4240 ¹
68 4217 146 4284 ete.;
171 4217 204 4271 et
225 4212 262 4271 de
282 4213 339 4272 hoe
361 4230 450 4271 nemo
470 4213 605 4273 dubitat.

127 4288 198 4374 (20)
219 4291 253 4352 S.
276 4292 385 4370 Alph.,
416 4291 474 4365 Ill,
497 4293 569 4365 970,
592 4291 649 4366 4⁰.;
672 4293 710 4352 D.

69 4371 143 4442 Th„
160 4373 192 4444 2,
214 4373 245 4444 2,
261 4372 312 4444 70,
338 4373 354 4432 l
378 4375 415 4432 ad
439 4373 467 4432 1.

128 4449 197 4532 (21)
217 4451 315 4529 Lago,
338 4453 429 4525 XIV,
459 4453 528 4512 142.
560 4455 604 4514 Ut
628 4471 709 4525 ecoe,

5 4589 7 4612 f
70 4531 97 4592 si
117 4533 224 4609 puella
246 4549 419 4610 praegnans
441 4536 569 4594 conetur
594 4532 711 4592 foetum

70 4613 217 4689 abigere:
241 4613 302 4672 sibi
324 4615 469 4690 imputet.

772 3091 828 3150 vix
851 3091 1003 3166 invenies,
1025 3100 1058 3153 et
1079 3111 1116 3150 ne
1138 3095 1195 3152 vix
1210 3096 1343 3170 quidem,
1360 3098 1412 3172 qui

771 3171 937 3242 auxilium,
961 3175 1012 3233 vel
1043 3173 1206 3232 eonsilium
1235 3175 1310 3234 aliis
1338 3177 1413 3237 dare

772 3251 853 3310 velit
874 3255 905 3310 in
928 3251 978 3311 his
999 3253 1166 3330 angustiis3
1190 3257 1268 3329 quod
1290 3255 1411 3330 publice

770 3331 976 3407 perniciosum
999 3333 1091 3393 foret.

830 3407 896 3490 (23)
919 3413 951 3471 S.
976 3414 1085 3490 Alph.,
1109 3413 1165 3486 ΙΙΙ,
1188 3413 1260 3486 971,
1282 3413 1410 3474 1101-

770 3495 845 3567 puta
866 3493 894 3550 si
915 3492 996 3553 velit
1016 3511 1084 3552 eam
1100 3493 1223 3565 ducere,
1246 3511 1336 3569 quam
1352 3493 1412 3554 tibi

769 3571 929 3632 revelarit
949 3571 1049 3632 filiam
1072 3573 1209 3648 spuriam
1231 3591 1317 3634 suam
1343 3591 1410 3632 esse

769 3649 821 3729 (V.
845 3651 972 3726 Laym.,
997 3653 1018 3711 l.
1042 3653 1095 3731 a).

829 3730 882 3810 (24
917 3732 950 3792 S.
974 3733 1111 3804 Posuit,
1134 3733 1171 3792 21
1194 3735 1275 3808 Aug.
1298 3733 1387 3793 1830.

829 3813 881 3892 (25
915 3814 953 3872 D.
977 3813 1049 3882 Tb„
1072 3813 1103 3884 2,
1126 3813 1157 3886 2,
1180 3812 1230 3885 70,
1265 3813 1280 3872 1
1311 3813 1348 3872 ad
1376 3813 1407 3873 2.

767 3893 886 3969 Utputa
916 3894 941 3952 si
970 3893 1133 3964 haereses,
1165 3893 1407 3964 coniurationes,

769 3973 980 4048 grassationes
1008 3973 1194 4031 ooereendae
1222 3973 1295 4032 sint.
1324 3973 1409 4040 Quod

768 4055 872 4112 autem
895 4054 928 4112 S.
951 4052 1044 4128 Alph.
1070 4049 1139 4131 (IV,
1162 4049 1215 4130 49)
1235 4053 1339 4126 docet,
1363 4069 1410 4110 se·

768 4137 887 4192 oretum
910 4133 1120 4192 commissum
1142 4149 1264 4198 cessare
1285 4149 1353 4192 cum
1368 4131 1410 4190 si·

767 4211 898 4273 lentium
920 4213 1044 4271 eederet
1065 4212 1103 4268 ira
1124 4229 1225 4286 prave
1244 4212 1409 4271 damnum

768 4294 915 4350 alieuius
933 4309 1107 4366 personae,
1129 4309 1168 4350 ex
1184 4292 1221 4350 D.
1238 4293 1298 4352 Th.
1314 4293 1358 4374 (2,
1375 4291 1406 4366 2,

766 4373 816 4441 70,
842 4371 857 4430 1
880 4373 918 4430 ed
938 4369 971 4450 2)
992 4372 1189 4430 commissum
1204 4372 1345 4449 aeoipere
1358 4373 1409 4432 de-

766 4453 883 4522 bemus,
907 4451 1129 4522 eonereditum,
1152 4456 1184 4511 et
1206 4470 1263 4509 non
1286 4453 1406 4529 rigoro-

767 4549 833 4590 sum
854 4531 907 4611 (V.
932 4531 964 4591 S.
988 4531 1098 4608 Alph.,
1121 4531 1177 4604 1v,
1199 4531 1284 4611 208).
1329 4549 1333 4556 ’

230 4765 407 4814 D'Ausrsmre.
421 4769 566 4814 &asmata
582 4767 668 4813 Theos.
683 4777 752 4813 mar.
767 4765 823 4812 Vol.
841 4767 873 4811 11.
1276 4767 1302 4810 15
