3400 5132
276 273 379 320 orror
395 275 418 328 1.
440 271 548 320 suerro
564 273 599 320 n.
619 273 658 318 na
674 271 853 328 ourausoan
869 271 1108 318 vraorrromaus
1123 272 1292 320 sancturus
1390 250 1455 318 395
1484 249 1485 254 ’

110 375 276 446 credatur
298 397 344 446 ne
366 375 676 446 submitterentur?
699 374 767 463 (51)
790 393 837 444 an
859 372 957 465 quasi
980 371 1050 444 iam
1075 374 1228 464 perlecta
1253 372 1455 444 fueritven-

109 479 223 550 ditio?
245 481 313 570 (55)
338 480 437 566 mihi,
454 481 491 552 in
516 481 633 567 dubio,
650 481 802 572 primum
826 478 965 550 videtur
987 478 1123 550 verius:
1142 500 1225 548 nam
1248 478 1333 554 alias
1354 499 1457 571 quor-

108 605 193 656 sum
215 590 357 676 pactum
380 585 651 676 degustationis?

206 785 288 852 har.
316 787 357 852 11.
384 787 433 852 De
455 785 654 854 venditione
676 786 824 870 iuriam,
842 805 903 854 seu
926 803 1049 854 rerum
1072 783 1363 872 incorporalium.

175 949 252 1019 465.
279 951 425 1021 Ratione
460 972 577 1022 rerum
600 971 688 1043 quae
723 958 880 1023 veneunt
902 953 1062 1023 nonnihil
1086 975 1106 1024 a
1130 953 1255 1022 ceteris
1290 951 1456 1022 differunt

111 1056 337 1127 venditiones
360 1057 502 1146 iurium,
527 1078 587 1128 seu
614 1079 729 1128 rerum
754 1059 1040 1148 incorporalium,
1058 1065 1094 1130 et
1116 1059 1153 1128 in
1178 1057 1297 1150 primis
1323 1058 1458 1128 heredi·
1559 1089 1560 1094 ¹

111 1165 243 1250 tatum,
269 1167 305 1232 et
327 1163 524 1236 nominum.
550 1163 734 1256 Principi0,
760 1185 841 1234 cum
865 1165 993 1236 mortui
1016 1165 1189 1265 hereditas
1213 1164 1389 1250 venditur,
1404 1185 1455 1234 re-

112 1271 197 1354 fert,
221 1273 341 1340 utrum
365 1271 488 1362 ulique
511 1271 689 1342 hereditas
714 1271 815 1360 (idest
837 1271 1010 1344 hereditas
1038 1279 1135 1343 certo
1158 1271 1222 1342 sibi
1246 1273 1384 1361 delata),
1410 1292 1456 1341 an

112 1379 292 1445 incertum
315 1376 520 1448 hereditatis
536 1377 576 1467 (si
592 1377 678 1470 quid
698 1401 823 1469 nempe
846 1378 931 1449 iuris
946 1378 1119 1450 venditori
1142 1379 1178 1448 in
1202 1399 1242 1450 ea
1268 1377 1459 1450 hereditate

113 1482 310 1572 competit),
335 1501 396 1552 seu
429 1505 504 1572 spes
538 1484 753 1570 hereditatis,
779 1484 944 1555 venierit:
970 1485 1035 1556 illu
1070 1485 1164 1555 enim
1199 1487 1294 1554 aleae
1328 1483 1457 1576 aliquid

112 1589 234 1675 habet,
259 1597 399 1680 propter
421 1591 594 1661 incertum
619 1611 677 1662 aes
699 1592 854 1662 defuncti
878 1591 1050 1662 alienum:
1069 1591 1166 1679 hacc,
1186 1597 1324 1681 propter
1346 1592 1458 1662 incer-

112 1700 194 1764 tum
209 1697 262 1766 ius
275 1695 478 1784 venditoris,
493 1699 567 1767 alea
581 1701 643 1767 est.
660 1697 832 1787 Principio
843 1695 960 1787 igitur,
974 1697 1050 1768 sive
1065 1697 1122 1767 illa
1137 1695 1213 1766 sive
1225 1697 1290 1768 hac
1299 1695 1456 1782 vendita,

114 1801 265 1891 emptori
289 1801 434 1872 debetur
464 1804 634 1894 quidquid
657 1802 693 1873 in
717 1801 880 1874 heredem
909 1802 1060 1890 transiit,
1084 1804 1219 1872 fruetus
1249 1822 1397 1894 quoque,
1423 1806 1459 1872 et

116 1907 263 1978 nomina
275 1909 484 1995 debitorum,
495 1909 523 1978 si
538 1929 624 2001 quos
632 1911 765 1980 fruchrs
777 1931 821 1979 ex
834 1931 874 1980 ea
886 1909 1049 2001 percepit.
1060 1908 1189 1994 Sed,cx
1201 1907 1351 1994 diverso,
1361 1909 1458 2000 quasi

115 2019 307 2084 extraneus
342 2016 545 2106 perceperit,
571 2017 714 2086 nomina
748 2015 961 2105 extinxeris;
988 2037 1100 2108 neque
1134 2015 1223 2107 plus,
1250 2037 1362 2109 neque
1395 2016 1459 2086 mi·

32 2123 35 2130 “
115 2139 187 2189 nus
202 2121 248 2208 (1)
272 2141 346 2190 rem
369 2120 549 2206 alienavit,
567 2121 643 2191 ideo
666 2121 694 2190 si
710 2119 793 2210 quid
807 2119 993 2191 defunctus
1014 2121 1045 2191 ei
1069 2119 1199 2206 debuit,
1225 2119 1291 2189 hoc
1315 2119 1455 2209 repetit:

115 2232 254 2314 contra,
280 2227 308 2297 si
333 2228 404 2318 ipse
428 2227 459 2298 ei
482 2226 613 2314 debuit,
639 2229 799 2298 restituet
825 2229 884 2318 (2).
910 2232 954 2299 ht
975 2229 1004 2299 si
1029 2249 1084 2298 res
1106 2227 1331 2298 hereditarias
1365 2228 1458 2298 dete·

116 2334 229 2404 riores
250 2332 326 2404 sine
349 2333 425 2406 dolo
461 2336 565 2420 malo,
589 2340 652 2406 aut
673 2335 844 2424 ¹meliores
878 2335 1013 2422 iecerit,
1037 2335 1213 2406 tenebitur
1245 2333 1387 2426 perinde
1418 2355 1460 2405 ac

115 2441 150 2511 is
172 2440 231 2533 qui
256 2462 330 2512 rem
353 2461 452 2511 suam
477 2441 617 2512 vendit:
645 2439 789 2532 ideoque
811 2441 885 2511 illic
907 2439 994 2512 nihil
1027 2441 1180 2512 restituit
1203 2441 1263 2530 (5),
1288 2440 1345 2509 hio
1373 2439 1459 2509 nihii

9 2635 10 2638 Ἴ
115 2549 246 2639 repetit
268 2550 334 2638 (4);
361 2549 494 2618 scilicet
528 2567 583 2618 res
606 2548 771 2619 venditur
793 2553 848 2618 uti
879 2569 978 2618 nuuc
1000 2558 1049 2618 est
1071 2550 1131 2638 (5).
1158 2555 1251 2618 Haec
1285 2547 1456 2637 primum:

115 2655 243 2724 deinde
266 2656 294 2724 si
319 2655 492 2724 hereditas
515 2654 639 2741 veniit,
658 2653 819 2724 venditor
841 2675 971 2725 nomen
987 2659 1024 2724 ct
1045 2655 1099 2724 ius
1121 2651 1257 2724 heredis
1276 2651 1461 2722 dumtaxat

114 2767 294 2853 praestare
317 2762 420 2834 debet
446 2764 511 2852 (6),
537 2761 591 2832 sin
618 2781 695 2851 spes
729 2760 943 2849 hereditatis,
968 2783 1012 2830 ne
1036 2761 1101 2831 hoo
1130 2759 1290 2852 quidem:
1316 2757 1470 2848 proinde·

118 2867 312 2938 hereditate
336 2867 464 2954 evicta,
491 2869 527 2936 in
551 2867 656 2958 priori
680 2887 775 2953 casu,
801 2867 829 2937 si
853 2873 907 2938 est
935 2867 1050 2959 aliqua
1073 2865 1246 2936 hereditas
1275 2863 1378 2936 huius
1399 2863 1462 2933 dat

116 2973 333 3063 aestimati03
359 2974 387 3044 si
412 2973 518 3059 nulla,
544 2973 694 3063 pretium
717 2979 856 3044 tautum
880 2973 1039 3042 restituet
1061 2973 1153 3064 quod
1174 2970 1309 3060 accepit
1332 2970 1397 3058 (7);
1422 2967 1460 3038 in

116 3079 299 3169 posteriori
325 3081 411 3150 nihil
434 3099 573 3171 prorsus
599 3081 656 3169 (8).
675 3086 824 3152 hemum
853 3078 1009 3150 venditio
1033 3077 1234 3149 hereditatis
1257 3077 1461 3162 laesionem,

118 3186 334 3275 regulariter,
360 3208 431 3258 non
462 3187 596 3278 recipit,
622 3193 863 3279 praeterquam
896 3171 988 3256 int'er
1017 3185 1203 3256 coheredes
1225 3185 1286 3274 (9).
1312 3183 1460 3254 vendita

117 3291 324 3378 hereditate,
341 3299 490 3384 emptor,
507 3295 619 3386 quoad
642 3293 874 3379 venditorem,
895 3297 1003 3363 uicem
1027 3291 1165 3361 heredis
1186 3292 1314 3361 obtinet
1333 3291 1413 3380 (10).

180 3497 247 3579 (34)
268 3501 304 3560 L.
336 3501 407 3576 1,§
432 3501 469 3560 Si
497 3500 635 3570 dolium,
664 3500 693 3571 5,
716 3498 763 3558 De
818 3498 873 3571 11.,
890 3495 979 3558 1545.
997 3498 1069 3558 Nisi
1083 3498 1120 3556 do
1137 3495 1313 3556 substantia
1334 3496 1400 3556 eius
1415 3493 1462 3555 ai·

118 3579 227 3639 Perz'c.
252 3589 283 3640 et
302 3599 418 3641 comm.
442 3582 481 3638 R.
511 3581 547 3639 V.
818 3577 998 3638 firmaverit
1023 3577 1075 3660 (L.
1106 3577 1155 3650 15,
1184 3577 1282 3646 Hod.;
1304 3575 1340 3636 L.
1372 3574 1460 3646 1,o.

193 3657 247 3738 35)
267 3662 398 3733 Gastr03
421 3662 542 3738 Tropl.,
568 3658 635 3719 103.
818 3659 865 3718 De
885 3657 1005 3728 Hvict.,·
1027 3659 1089 3720 cit.
1113 3653 1207 3734 ΔΑ.)
1415 3672 1416 3678 ’

197 3739 285 3818 1)ι11.
306 3743 337 3812 2,
365 3739 404 3817 §5
431 3739 535 3814 4,11,
565 3739 612 3811 16,
638 3738 687 3809 17,
717 3738 765 3798 De
944 3739 980 3802 1..
1005 3739 1035 3812 8,
1058 3739 1105 3798 De
1125 3737 1169 3796 H.
1198 3735 1235 3796 V.

120 3820 165 3878 H.
196 3819 232 3880 V.
249 3821 455 3898 (Hereditate
476 3819 643 3899 uenditu);
660 3819 693 3880 O.
711 3820 763 3891 (1.,
891 3819 911 3878 8
945 3817 1009 3878 LL.
1035 3817 1083 3890 ll,
1109 3815 1157 3888 12,
1182 3815 1231 3888 13,
1254 3816 1336 3875 Hod.

120 3897 294 3975 1697;1t.,
320 3901 408 3962 1545.
892 3899 913 3961 9
945 3900 980 3961 G.
996 3899 1047 3969 (1.,
1068 3898 1146 3970 8833
1170 3897 1225 3967 lt..
1249 3893 1338 3957 1039.
1355 3896 1465 3972 Repu-

179 3979 224 4060 (2)
245 3982 308 4044 Oit.
342 3983 378 4041 L.
409 3982 440 4054 2,
473 3982 512 4057 ἓξ
542 3979 647 4050 Illud,
668 4012 680 4026 ·
702 3979 765 4040 Sed
822 3981 939 4040 lariter
1003 3977 1156 4055 ,Tropl.,
1179 3973 1264 4056 790).

120 4063 193 4120 etsi.
877 4056 945 4140 (10)
993 4058 1057 4128 .2,
1080 4059 1098 4134 ἓ
1120 4057 1204 4118 Cum
1236 4059 1322 4134 quis,
1343 4055 1389 4115 De
1417 4053 1463 4114 H.

179 4140 226 4222 (3)
247 4145 295 4204 Ex
315 4142 353 4203 L.
376 4143 406 4216 3,
429 4143 477 4203 Dc
496 4141 541 4200 H.
571 4139 621 4210 V.,·
641 4141 762 4217 Tropl.,
823 4137 1008 4202 nouae
1028 4139 1119 4198 heres
1141 4138 1191 4220 (L.
1217 4135 1266 4206 10,
1287 4137 1462 4196 Commuu.

118 4221 160 4292 Π,
183 4223 254 4284 964.
278 4225 363 4284 Idem
384 4223 463 4282 iuris
483 4227 532 4280 ost
553 4219 580 4279 si
602 4239 667 4282 rem
697 4237 765 4297 per·
816 4217 961 4296 praed).
984 4219 1187 4286 Quamobrem
1219 4217 1258 4286 si,
1282 4236 1313 4275 r.
1347 4235 1388 4286 a,
1414 4215 1467 4274 de·

118 4299 211 4372 didit,
234 4305 435 4380 consumpsit,
458 4307 519 4362 eto.
539 4297 616 4378 (cit.
639 4299 675 4359 L.
700 4300 743 4378 3).
820 4299 933 4360 bitoris
953 4299 1026 4369 mei,
1043 4299 1095 4358 vel
1115 4299 1182 4359 eius
1202 4298 1256 4373 qui
1278 4297 1465 4356 servitutem

182 4381 228 4464 (4)
250 4385 380 4462 Tropl.,
412 4385 433 4444 l.
464 4401 513 4453 c.,·
540 4383 692 4458 ouvcrg,
722 4381 763 4452 II,
817 4379 946 4518 praedio
976 4397 1042 4438 meo
1072 4379 1222 4448 debebat,
1255 4375 1465 4437 hereditatem

119 4462 192 4524 324.
842 4459 1025 4529 endiderim,
1048 4475 1105 4518 neo
1134 4457 1298 4526 creditum,
1321 4473 1377 4516 neo
1401 4473 1466 4515 ser-

194 4542 227 4623 5)
247 4545 284 4608 L.
300 4544 331 4617 2,
354 4545 374 4620 5
395 4545 608 4620 Plerumque,
628 4539 764 4600 Eodem.
819 4539 905 4599 vitus
926 4557 981 4617 per
1002 4537 1210 4598 confusionem
1224 4537 1257 4616 (ξ
1278 4533 1349 4607 323,
1365 4555 1396 4594 n.
1412 4533 1466 4614 25)

194 4625 227 4704 6)
247 4624 286 4686 L.
318 4624 367 4698 13,
396 4625 493 4696 Εοά.)
520 4624 554 4686 G.
585 4625 636 4694 G.,
669 4619 765 4692 1696,
820 4619 1018 4696 extinguitur
1046 4615 1244 4700 (01111.)
1271 4620 1304 4678 et
1333 4615 1465 4676 credito·
