3434 5142
275 262 341 332 490
415 285 506 332 ursus
523 285 570 332 ru.
588 302 610 316 -
625 285 741 332 resur.
761 287 795 332 11.
815 287 878 332 rrr.
898 286 930 332 x.
950 286 1024 332 cer.
1043 286 1077 332 rr.
1097 287 1173 333 sar.
1192 285 1278 332 uurc.
1297 286 1336 331 ue
1352 285 1484 332 romeus

274 387 375 473 dere,
413 391 475 457 aut
510 387 673 476 mentiri,
710 409 793 458 nam
830 409 943 482 ncqrre
967 387 1118 458 naturali
1142 389 1216 458 iure
1240 387 1375 478 cogitur
1397 388 1502 460 fateri
1528 389 1620 477 (alias
1697 383 1699 490 ξ

277 490 435 563 maxime
458 493 496 563 in
520 491 749 564 atrocioribus
771 495 981 583 cogeretur),
1006 513 1120 585 neque
1143 493 1216 583 lege
1240 496 1393 564 bumana
1417 495 1496 584 cogi
1510 499 1621 586 potet

277 597 429 690 seipsum
446 601 603 692 prodere,
618 606 654 672 ot
669 601 767 671 velut
782 621 902 671 ensem
917 599 1117 672 adversario
1133 601 1282 688 tradere,
1296 623 1365 694 quo
1378 608 1526 672 necetur
1540 601 1620 691 (35).

340 707 416 778 605.
444 707 508 777 Sed
542 707 662 799 quaeri
697 711 822 798 potest,
852 712 971 776 utrum
995 707 1072 777 aliis
1094 706 1230 778 licitum
1253 708 1299 778 sit
1321 730 1381 780 reo
1403 709 1524 798 tagam
1549 727 1621 778 sua-

277 813 371 900 dere,
388 815 508 884 utrum
518 834 603 884 eam
619 813 795 904 expedire,
813 821 931 885 utrum
948 813 980 883 ei
997 813 1231 884 instrumenta
1247 813 1481 905 suppeditare,
1497 813 1620 906 quibus

277 917 351 1008 ipse
374 917 438 988 sibi
463 918 558 990 illam
581 917 760 1009 expediat,
786 919 942 1012 exceptis
964 919 1175 1006 custodibus,
1200 919 1464 1012 apparitoribus,
1491 924 1562 989 etc.
1580 924 1620 990 Et

276 1026 305 1096 si
340 1025 406 1096 hoc
440 1025 540 1096 alteri
575 1023 808 1116 perniciosum
844 1027 1003 1096 futurum
1033 1023 1090 1112 sit,
1117 1046 1162 1095 ne
1184 1026 1328 1096 suadere
1351 1026 1493 1118 quidem
1518 1023 1617 1112 iicet,

277 1150 389 1218 secus,
417 1129 500 1200 licet
524 1151 603 1202 eam
626 1132 789 1218 suadere,
821 1137 856 1201 et
883 1129 1027 1202 consilio
1052 1151 1151 1201 reum
1174 1131 1346 1201 instruere
1378 1131 1517 1224 quoties
1541 1129 1618 1200 buic

276 1237 413 1308 licitum
448 1241 502 1308 est
532 1259 611 1308 earu
646 1239 819 1328 arripere;
857 1237 1020 1327 expedire
1044 1237 1189 1308 omnino
1213 1259 1284 1308 non
1308 1237 1406 1326 licet,
1433 1245 1620 1330 utrumque

277 1343 372 1415 inter
394 1365 517 1416 omnes
531 1346 711 1417 convenit.
727 1345 791 1416 Sed
803 1351 922 1414 utrum
936 1343 1039 1416 liceat
1051 1344 1082 1414 ei
1095 1346 1313 1436 suppeditare
1325 1366 1415 1434 quae
1427 1343 1620 1416 necessaria

278 1463 373 1540 sunt,
400 1457 441 1522 ut
464 1451 536 1542 ipse
559 1451 622 1522 sibi
647 1473 726 1524 earu
741 1452 926 1542 expediat?
941 1449 1191 1521 affirmantium
1207 1453 1381 1523 sententia
1395 1455 1427 1522 S.
1448 1451 1619 1542 tlpuonso

277 1557 461 1648 probabilis
487 1558 559 1629 visa
582 1564 636 1630 est
654 1559 742 1648 (56)ι
770 1555 900 1647 Lugoni
927 1555 1134 1648 probabilior
1151 1559 1234 1646 (57).

342 1767 409 1867 (35)
431 1789 480 1849 Ex
501 1790 612 1862 Olem.,
634 1789 665 1860 2,
681 1791 700 1866 ἓ
714 1787 792 1850 Esto
807 1793 924 1866 ἐρέτην,
976 1790 1186 1860 accusatoris,
1218 1790 1358 1860 testium,
1382 1789 1518 1848 iudicum
1540 1787 1621 1846 suma

279 1871 310 1944 5,
333 1874 383 1934 De
403 1869 549 1930 Seuteut.
573 1877 605 1931 et
623 1871 671 1930 Re
685 1867 793 1930 Iudic.
810 1871 920 1942 Porro,
977 1867 1226 1946 periclitaretur.

278 1949 423 2031 quamdiu
452 1955 577 2010 tortura
605 1950 721 2027 viguit,
745 1951 867 2021 Nostri,
892 1951 923 2010 in
1037 1945 1090 2028 (36
1126 1947 1158 2007 S.
1184 1947 1290 2026 Alph,
1314 1947 1368 2017 IV,
1391 1947 1463 2007 283.

279 2034 433 2110 exigenda
454 2031 501 2090 rei
522 2029 722 2102 consessione,
739 2031 922 2100 severiores,
1036 2029 1089 2107 (37
1116 2027 1214 2105 Lugo,
1230 2027 1298 2100 XL,
1315 2029 1365 2088 56.
1382 2027 1442 2094 Qut
1455 2029 1541 2088 euim
1555 2043 1621 2104 pru·

280 2115 355 2173 adeo
376 2117 411 2172 ut
430 2110 554 2188 quidam
574 2109 738 2190 (Corduba,
761 2111 922 2182 Ledosma,
978 2109 1086 2169 hibcor
1106 2108 1163 2168 alii
1178 2110 1263 2180 dere,
1280 2127 1339 2184 quo
1353 2109 1380 2168 is
1395 2108 1484 2168 licite
1499 2107 1621 2172 utiturt

279 2191 566 2274 Vege)demnatum
577 2191 690 2267 capitis
702 2195 859 2267 cogerent,
873 2189 925 2249 vel
978 2189 1069 2249 Alius
1090 2205 1146 2246 uec
1168 2189 1307 2248 consiliis
1329 2187 1433 2248 iuvari
1455 2195 1572 2264 posset.

280 2291 353 2332 mox
382 2271 588 2349 plectendum,
611 2271 729 2330 crimen
751 2269 863 2341 ieteri3
887 2285 924 2328 ne
