3400 5132
462 358 566 404 canor
590 359 633 405 rr.
661 359 737 406 aar.
763 359 798 406 n.
825 359 864 406 ou
888 359 1036 406 canalaus
1169 331 1172 338 ’
1347 339 1414 408 155

68 455 208 548 ptione,
234 464 270 528 et
292 459 549 548 permutatione
572 461 668 530 salva
691 467 901 552 permanent
913 462 996 551 (19).
1016 461 1107 531 Alias
1123 466 1275 548 rescisso,
1293 465 1345 532 las
1360 467 1414 531 est
1476 501 1478 506 ·

66 563 302 634 creditoribus
325 565 495 636 censuarii
520 566 595 637 iure
611 567 685 648 eius
700 567 764 637 uti:
783 567 940 658 ideoque,
957 567 985 637 si
1002 567 1179 658 praedium
1196 589 1215 638 a
1233 567 1413 638 censuario

69 669 269 742 alienatum
293 671 411 767 luerit,
437 673 594 742 revocari
619 693 690 742 non
714 672 842 764 poterit
864 672 892 742 si
918 693 1092 763 possessor
1115 677 1256 763 paratus
1271 675 1317 744 sit
1332 695 1412 744 cen·

66 777 239 846 sualistae
263 775 347 846 satis
370 778 484 848 tacere
503 779 586 867 (20).

497 1052 812 1152 TITULUS
840 1054 992 1150 VIII.

412 1253 477 1324 De
511 1253 829 1328 contractibus
854 1257 1077 1346 gratuitis
1119 1317 1129 1334 .

652 1679 787 1748 CAPUT
810 1683 836 1748 Ι.

601 1854 641 1898 DE
664 1853 893 1900 uodnrlortlaus
986 1846 989 1854 ’

134 2003 211 2072 alt.
239 2002 445 2094 Praecipuus
468 2001 561 2072 inter
584 2007 785 2072 contractus
807 2003 975 2092 gratuitos
998 2010 1051 2074 est
1080 2003 1233 2074 donatio.
1268 2005 1414 2082 Donatio

69 2111 146 2180 lato
170 2129 274 2180 sensu
298 2115 363 2195 est,
388 2109 532 2200 quaevis
556 2109 743 2180 liberalitas
766 2109 803 2179 in
826 2109 1058 2200 accipientem
1082 2113 1207 2182 collata
1225 2115 1286 2203 (1),
1317 2115 1415 2184 velut

69 2215 306 2306 acceptilatio;
328 2221 475 2306 proprio
498 2224 563 2301 est,
588 2225 789 2286 contractas
812 2238 878 2307 qao
901 2220 978 2308 aab
1002 2218 1113 2287 alicui
1135 2218 1328 2290 liberaliter
1351 2215 1414 2289 dat

70 2325 214 2416 aliquid
236 2343 279 2394 ea
303 2333 428 2408 mente,
454 2333 494 2392 at
516 2327 719 2411 accipientia
742 2323 818 2413 fiat.
845 2329 889 2393 ut
911 2323 1082 2415 siquidem
1105 2325 1225 2394 statim
1241 2325 1316 2396 eius
1339 2326 1413 2396 lieri

71 2434 165 2518 vult,
190 2432 334 2500 madito
357 2434 452 2499 irater
474 2432 581 2513 otone·
606 2429 660 2498 sin
683 2435 933 2520 postmortem
956 2429 1104 2522 denique
1128 2451 1227 2502 suam
1254 2433 1412 2526 (ideoque

70 2539 142 2610 nisi
166 2537 308 2609 interim
333 2535 524 2606 mutaverit
539 2537 786 2624 voluntatem),
803 2537 948 2608 donatio
964 2558 1074 2608 caasa
1090 2543 1213 2608 mortis
1228 2538 1296 2609 dici
1311 2543 1410 2610 solet.

70 2645 288 2734 Donationes
310 2643 433 2714 mortis
456 2661 560 2712 causa
576 2642 686 2712 instar
701 2643 893 2732 legatorum
917 2648 1018 2713 sunt:
1044 2643 1120 2714 ideo
1144 2644 1212 2714 bue
1236 2665 1307 2715 non
1337 2667 1413 2735 per·

68 2755 191 2824 tinent
207 2753 266 2841 (2).

10 2929 12 2942 ,
135 2860 212 2928 tlt.
239 2856 386 2926 bonatio
415 2857 507 2926 inter
536 2855 638 2925 vivos
669 2857 823 2926 strictius
850 2854 1034 2925 delinitur:
1067 2865 1267 2926 contractus
1285 2857 1330 2948 (5)
1346 2879 1413 2949 qao

69 2965 151 3053 quis
174 2960 312 3051 aliquid
336 2959 528 3029 liberaliter
551 2959 618 3028 alit
632 2959 695 3029 dat
709 2979 752 3029 ea
768 2969 893 3044 meato,
911 2965 950 3027 at
963 2959 1045 3027 velit
1066 2961 1185 3028 statim
1212 2962 1414 3048 accipientia

68 3069 165 3160 fieri,
190 3087 253 3135 aee
277 3065 349 3133 olto
372 3085 457 3135 casa
481 3065 530 3134 od
552 3086 587 3133 ae
610 3069 741 3134 reverti
756 3065 813 3154 (1).
833 3069 859 3133 1.
886 3069 976 3148 Dat·
1001 3085 1126 3154 nempe
1143 3063 1185 3134 de
1201 3085 1275 3153 suo;
1292 3085 1413 3158 quam·

11 3261 12 3264 Ἴ
68 3177 192 3245 obrem
216 3173 244 3242 si
269 3193 288 3242 e
311 3191 373 3242 suo
396 3169 606 3262 patrimonio
630 3171 716 3242 nihil
739 3170 887 3256 decedit,
912 3177 953 3240 ut
975 3191 1056 3242 ecce
1091 3171 1119 3242 si
1150 3172 1253 3242 alicui
1285 3193 1413 3243 renun-

70 3281 143 3353 ciet
167 3279 409 3366 hereditatem,
434 3281 600 3369 legatum,
626 3278 768 3349 donatio
791 3277 911 3348 stricta
936 3283 972 3348 et
995 3280 1132 3369 pmpria
1162 3279 1413 3370 significatione

70 3409 145 3460 non
162 3385 367 3476 intelligitur
382 3387 440 3476 (b).
460 3385 672 3471 Liberaliter,
690 3385 778 3456 idest
794 3385 893 3453 aalto
904 3388 984 3454 iare
999 3396 1141 3475 eopeote
1160 3389 1218 3476 (6).
1234 3393 1276 3456 Ε1
1285 3391 1413 3477 pratia·

69 3493 216 3585 proinde
240 3491 268 3562 si
293 3491 400 3562 donet
422 3491 635 3562 retribuendi
660 3511 776 3576 causa,
803 3497 838 3561 et
861 3489 1043 3562 retributio
1066 3514 1112 3562 ex
1136 3491 1267 3562 iustitia
1296 3493 1410 3564 debita

147 3733 200 3814 19)
220 3734 255 3796 G.
280 3733 336 3806 It.‚
362 3731 450 3792 1787.
769 3732 950 3794 donationes
971 3751 1050 3810 quae
1070 3751 1089 3791 a
1110 3733 1241 3793 novitiis
1269 3733 1348 3794 liunt
1374 3735 1413 3794 ed

146 3814 200 3892 20)
221 3815 255 3876 0.
270 3814 325 3886 It.,
343 3813 432 3886 1786,
449 3815 509 3891 §13
525 3815 564 3873 V.
582 3833 609 3873 o.
627 3823 716 3874 aaut·
770 3812 903 3872 formam
918 3814 1009 3874 Gouc.
1027 3812 1205 3874 Tridentini
1220 3813 1335 3892 (XXV,
1351 3813 1411 3872 Re·

70 3913 143 3957 nem
165 3895 301 3968 solvere,
329 3893 488 3954 cautiones
515 3895 601 3966 dare,
632 3893 716 3954 laeso
770 3891 835 3972 gul.
860 3891 922 3972 16).

71 3976 211 4055 pretium
233 3973 387 4052 supplere.
830 3973 864 4054 (3
892 3975 929 4034 L.
948 3973 996 4046 16,
1013 3989 1076 4050 pr.,
1092 3974 1126 4034 O.
1144 3971 1191 4032 De
1205 3974 1291 4034 Fide
1305 3973 1411 4034 [aab.

131 4051 254 4136 (1)LL.
270 4053 323 4125 29,
341 4053 472 4127 19,§2‚
490 4055 521 4112 t.
536 4061 557 4114 t.
581 4054 716 4134 (Deno-
829 4057 861 4135 (4
896 4053 933 4112 L.
959 4053 988 4124 1,
1011 4071 1073 4130 pr.,
1096 4054 1128 4112 b.
1147 4061 1183 4124 t.,·
1199 4053 1232 4114 G.
1251 4057 1302 4126 G„
1332 4055 1412 4127 8943

72 4135 233 4214 πατίοη.)
770 4135 826 4206 It,
844 4133 932 4195 1050.
949 4135 1061 4194 Fieri:
1075 4150 1150 4210 ergo
1165 4133 1191 4193 si
1208 4135 1413 4194 traditionem

134 4213 181 4296 (2)
203 4217 240 4275 V.
258 4216 297 4292 ἓξ
317 4213 345 4286 l,
368 4215 399 4286 2,
422 4214 521 4284 lact,
548 4213 579 4273 b.
598 4221 619 4274 t.
643 4216 714 4276 NN.
769 4219 893 4274 tantum
924 4219 995 4290 post
1021 4217 1154 4273 mortem
1183 4213 1327 4286 distulit,
1355 4230 1414 4272 uon

72 4293 139 4358 LL.
161 4297 343 4356 donationes
363 4295 475 4354 mortis
496 4311 589 4354 causa
609 4313 647 4354 ns
666 4314 718 4356 no·
770 4295 833 4354 erit
854 4295 981 4354 donatio
1001 4295 1114 4354 mortis
1136 4287 1240 4365 ceuse',
1265 4295 1316 4352 sed
1332 4294 1415 4354 inter

71 4377 197 4436 minant
210 4375 343 4451 quidem.
362 4373 420 4433 Sed
436 4374 464 4433 si
479 4373 584 4434 tactae
598 4373 718 4436 fuerint
770 4375 873 4434 rivos.

71 4461 202 4516 serrata
222 4459 482 4526 testamentorum
504 4453 616 4527 forma,
629 4460 718 4516 ratas
830 4452 877 4534 (5)
898 4453 945 4514 Ex
967 4451 1004 4513 L.
1022 4453 1071 4524 32,
1088 4455 1108 4530 5
1124 4453 1215 4516 Quod
1231 4455 1414 4529 lepataras,

71 4551 141 4595 esse
156 4537 224 4594 iore
238 4536 298 4594 Au.
315 4535 358 4613 (a.
374 4531 449 4614 956)
462 4535 593 4607 certum
610 4539 718 4594 nostro
771 4533 818 4594 De
829 4536 941 4594 donat.
959 4537 1021 4594 iat.
1034 4537 1096 4594 vir.
1110 4541 1142 4592 et
1154 4552 1268 4604 acrore
1281 4535 1413 4606 Marna,

70 4613 718 4772 itttttttltltltdltttt
771 4613 967 4778 Nitida-V
969 4616 1125 4756 101111.
1136 4613 1207 4752 939·

137 4739 144 4754 .
460 4739 468 4755 .
999 4740 1006 4754 .
1072 4737 1082 4768 ,
1129 4739 1136 4752 .
1168 4739 1176 4754 .

178 4858 355 4906 bunarria.
371 4861 517 4906 summula
534 4863 618 4906 mot.
634 4869 702 4906 mor.
719 4860 773 4906 Vol.
789 4863 820 4907 11.
1302 4864 1329 4908 28
