3430 5122
341 314 445 362 curor
468 316 503 362 n.
529 313 694 362 counome
716 313 890 372 ursmsoue
914 315 1127 362 soccessrorus
1341 295 1405 364 557

15 418 112 490 ³ris.
144 417 236 501 Quid
266 415 372 508 igitur
394 418 422 488 si
446 419 538 490 intre
566 419 602 488 id
624 425 775 510 tempus,
800 418 929 511 aliquid
956 419 1163 492 alienaveris
1196 421 1308 492 sciens
1345 443 1405 494 vo-

36 525 156 596 lens?
178 529 223 594 Et
251 525 422 617 siquidem
445 525 482 596 in
505 525 692 597 dividendo
716 527 790 596 vim
814 533 876 596 aut
898 532 1034 598 metum
1066 547 1186 618 passus
1210 529 1326 616 fuisti,
1352 553 1404 604 ra-

33 635 131 807 tipm
155 630 365 824 ᾱίνὲῑίοηθπι
389 632 517 702 hebere
543 630 746 722 intelligeris
772 631 862 722 (ab),
889 631 943 704 sin
967 634 1075 704 solem
1103 635 1306 722 laesionem,
1332 657 1403 708 ncn

76 739 311 912 ΕΙ1101129616
336 842 517 914 videamus
539 845 622 936 quid
646 844 730 914 iuris
753 844 799 913 sit
821 843 849 914 si
873 844 963 936 quie,
989 866 1069 916 cum
1094 845 1194 928 heres
1210 869 1281 918 non
1298 855 1399 936 asset,

45 954 92 1018 61
117 947 223 1018 heres
246 947 473 1018 nihilominus
497 949 632 1040 publice
654 949 853 1036 haberetur,
879 971 920 1020 eo
943 950 1086 1020 nomine
1110 951 1240 1044 aliquid
1261 954 1405 1044 gesserit

40 1056 183 1146 egerit,
200 1056 229 1125 si
252 1055 354 1126 heres
368 1061 486 1146 postea
502 1057 603 1128 abeo
618 1057 853 1128 vindicaverit
867 1059 1096 1152 hereditatem
1116 1061 1198 1150 (to).
1217 1066 1271 1146 Et,
1289 1063 1401 1152 quoad

44 1182 119 1234 eos
143 1162 351 1254 quibuscum
375 1157 431 1232 ille
449 1162 560 1254 gessit
582 1163 664 1252 egit,
682 1165 792 1234 valet:
818 1185 884 1234 nec
908 1167 1105 1262 revocetur,
1123 1166 1214 1258 quod
1244 1187 1326 1236 cum
1348 1167 1402 1238 his

44 1275 199 1359 gestum
222 1268 290 1337 luit
311 1289 354 1338 ec
377 1289 488 1339 caesa
511 1289 669 1355 onerosa,
692 1270 720 1339 si
744 1269 780 1340 hi
804 1271 948 1340 luerunt
971 1269 1007 1340 in
1031 1270 1203 1340 bonafide
1228 1272 1310 1361 (27);
1328 1273 1401 1362 ipse

43 1395 146 1444 vero
171 1374 289 1444 heredi
304 1375 483 1445 tenebitur
496 1373 594 1467 quusi
611 1393 796 1466 possessor,
812 1395 876 1445 seu
889 1377 1084 1462 honee,seu
1098 1377 1209 1447 malae
1223 1377 1301 1448 lidei
1318 1379 1399 1468 (28).

45 1485 193 1550 Verum
217 1480 304 1550 haec
328 1501 400 1550 non
423 1481 601 1572 pertinent
623 1481 666 1550 od
689 1480 884 1571 indignum:
911 1481 1044 1552 scilicet
1059 1482 1099 1568 ie,
1118 1485 1231 1576 quoad
1245 1490 1401 1554 remotus

44 1607 130 1657 non
156 1585 264 1656 fuerit
278 1584 391 1656 olllcio
407 1585 542 1672 iudicis,
567 1587 669 1656 heres
690 1587 896 1676 intelligitur
914 1589 1040 1678 (1512,
1059 1611 1095 1658 n.
1117 1591 1185 1678 ll),
1203 1597 1307 1681 atque
1324 1589 1401 1660 ideo
1516 1605 1517 1609 ’

47 1696 183 1765 velent
203 1713 294 1785 quae
318 1691 375 1762 alii
400 1713 481 1763 cum
497 1715 538 1763 eo
554 1699 680 1784 gerunt
695 1699 805 1784 egunt
822 1694 905 1784 (29)
925 1701 961 1764 61
976 1695 1105 1766 nedum
1121 1715 1210 1788 quae
1227 1719 1271 1766 ex
1291 1717 1394 1766 cause

118 2018 189 2100 (24)
210 2017 245 2078 O.
270 2019 321 2085 (1.,
345 2017 416 2088 892;
439 2015 494 2087 lt..
519 2015 608 2076 1943.
757 2033 845 2086 rosen·
866 2021 976 2094 utputa
1007 2019 1213 2092 venditiones,
1243 2028 1400 2097 permuta·

120 2097 245 2182 (25)(1.
269 2098 324 2170 lt..
349 2096 439 2168 1309,
463 2096 492 2158 3.
516 2095 603 2156 Inter
617 2097 703 2158 Gall.
757 2099 869 2168 tiones,
894 2097 1076 2170 locationes,
1099 2105 1160 2160 etc.
1185 2101 1226 2161 Et
1240 2102 1339 2176 quoad
1354 2102 1396 2162 lo·

49 2183 79 2243 1.
100 2183 139 2246 G.
157 2197 217 2238 non
232 2179 311 2238 satis
326 2179 472 2238 convenit
486 2174 538 2254 (V.
556 2177 702 2248 Ducant..
758 2179 896 2238 cationes
917 2177 1058 2254 aliosque
1078 2184 1180 2251 actus,
1213 2183 1266 2255 qui
1294 2183 1401 2242 admi·

50 2259 216 2333 v11.588;
240 2258 432 2331 menses,
441 2277 471 2316 n.
482 2257 546 2335 32).
557 2259 604 2317 Ad
613 2255 702 2326 haec,
758 2260 969 2317 cistratz'ortz's
990 2258 1066 2316 fines
1088 2277 1147 2318 non
1168 2261 1333 2334 excedunt,
1349 2281 1401 2339 pe·

50 2342 176 2403 divisio
196 2339 315 2399 nullius
336 2339 485 2398 momenti
500 2344 559 2407 est,
577 2337 604 2397 si
619 2335 705 2396 laeta
758 2357 811 2397 nes
833 2337 857 2397 Ι.
882 2337 915 2398 G.
940 2355 1058 2415 quoque
1078 2339 1219 2400 Gallicos
1239 2345 1398 2418 receptum

52 2421 159 2484 fcerit
180 2438 219 2480 ex
240 2419 323 2478 falsa
352 2435 444 2478 causa
465 2417 575 2496 (root,
604 2419 645 2489 X,
673 2417 703 2486 2,
757 2424 818 2492 est;
831 2419 928 2493 quoad
944 2418 1086 2493 aliosqui
1102 2419 1308 2479 immobilium
1323 2421 1398 2480 elie·

50 2503 110 2574 343
133 2502 282 2571 Durani„
304 2497 376 2571 VII,
399 2499 482 2580 553):
507 2500 598 2568 idest,
615 2498 643 2556 si
657 2498 703 2558 sl·
757 2500 914 2558 notionem
936 2497 1096 2558 continent
1117 2515 1175 2558 non
1197 2499 1400 2560 mediocriter

51 2589 109 2644 ter
130 2581 213 2642 falso
235 2581 371 2656 putavit,
395 2599 476 2650 eum,
500 2595 628 2654 quocum
657 2577 702 2638 di·
756 2577 933 2656 disputatur
961 2579 1013 2656 (V.
1045 2579 1153 2651 Zach.,
1183 2579 1255 2651 616,
1278 2597 1329 2639 nn.
1346 2581 1397 2652 30,

52 2663 213 2722 visionem
237 2659 324 2732 fecit,
355 2660 547 2730 coheredem,
582 2658 634 2717 vel
663 2675 702 2716 ex
756 2654 818 2733 31).
843 2657 918 2716 Dixi
940 2677 975 2717 eo
997 2661 1144 2727 nomiae
1166 2676 1236 2717 nam
1268 2659 1307 2730 si,
1340 2679 1399 2720 uon

52 2747 150 2803 tanta
172 2743 262 2818 perte
284 2739 464 2800 coheredem
485 2755 563 2798 esse.
580 2737 659 2798 Item
675 2739 703 2799 si
756 2739 845 2813 qussi
866 2740 956 2797 heres
978 2737 1094 2813 aliquid
1116 2739 1206 2812 iecit,
1230 2740 1281 2800 sed
1311 2741 1401 2814 quasi

53 2825 96 2884 de
125 2823 186 2880 hac
219 2837 253 2878 re
279 2837 390 2896 anceps
419 2819 499 2889 fuit,
530 2819 591 2877 nisi
615 2823 703 2878 tran·
756 2818 1063 2891 alioiuredominus,
1079 2818 1206 2894 perinde
1222 2818 1397 2891 habebitur,

15 2899 16 2902 ’
54 2903 211 2963 sectionis
226 2917 320 2960 causa
335 2900 424 2974 lecit3
435 2899 527 2971 idest,
541 2899 569 2958 si
584 2916 652 2958 cum
667 2916 703 2956 eo
756 2914 792 2958 eo
813 2897 842 2956 si
876 2915 945 2956 cum
979 2899 1088 2973 quovis
1124 2897 1187 2957 alio
1222 2915 1398 2974 possessore

55 2981 202 3043 dividere
221 2979 348 3050 maluit,
372 2997 462 3055 quam
484 2979 614 3054 litigare
640 2975 702 3055 (Ex
755 2982 859 3036 actum
882 2983 975 3037 esset.

55 3065 95 3124 L.
120 3062 153 3134 6,
175 3061 210 3120 G.
234 3059 332 3128 Eous
360 3061 397 3120 L.
431 3059 483 3128 78,
506 3060 525 3134 ἓ
546 3059 618 3128 ult..
649 3058 702 3117 Ad
814 3056 882 3138 (28)
904 3058 940 3116 L.
963 3057 1047 3118 Item
1069 3057 1398 3135 veniunt,22,§Pe-

57 3143 95 3203 S.
110 3142 145 3202 C.
160 3139 495 3218 repetissemus,
513 3138 613 3198 sinon
628 3155 697 3195 cum
755 3141 862 3206 tilam,
885 3137 933 3209 17,
957 3137 1004 3198 De
1026 3140 1121 3200 Petit.
1138 3139 1264 3214 heresis
1277 3139 1312 3200 (l.
1337 3138 1393 3213 Ι1.,

57 3241 96 3282 eo
118 3221 184 3281 solo
205 3219 323 3279 divisio
345 3217 571 3289 intercesserit,
588 3218 701 3277 adivi·
754 3217 825 3289 933,
848 3219 879 3276 2.
903 3218 947 3276 Dc
967 3235 1144 3294 possessore
1165 3235 1206 3278 m.
1231 3217 1256 3278 f.
1273 3219 1397 3296 expedi-

56 3303 145 3363 sione
166 3299 253 3360 iacta
273 3301 475 3360 recedendum
495 3317 553 3358 non
573 3302 633 3370 est;
649 3298 700 3357 sed
754 3303 791 3358 ta
811 3315 862 3360 res
883 3303 943 3368 est;
966 3315 1037 3356 nam
1059 3300 1160 3360 instar
1174 3301 1275 3372 suris,
1289 3306 1396 3374 rapto-

54 3383 136 3458 quod
148 3380 221 3438 huic
230 3383 338 3457 postea
347 3383 522 3456 ademptum
530 3377 603 3448 luit,
613 3377 701 3453 quasi
754 3380 813 3448 ris,
831 3379 1013 3452 praedoctis
1036 3378 1168 3440 babetur
1181 3377 1260 3458 (LL.
1280 3378 1328 3450 13,
1345 3379 1397 3452 25,

53 3463 204 3522 omissum
232 3459 350 3535 aliquid
380 3460 445 3520 erit
474 3457 594 3538 (Zach,
627 3457 698 3529 626,
754 3457 863 3536 11611).
889 3457 996 3534 Itaque
1017 3473 1175 3534 possessor
1196 3461 1224 3518 b.
1250 3459 1272 3517 l.
1296 3459 1398 3518 lucre-

56 3559 88 3600 n.
114 3540 159 3620 4).
753 3540 808 3600 tur
829 3537 950 3598 fructus
971 3537 1047 3616 (Git.
1072 3555 1100 3599 e.
1133 3539 1204 3610 933,
1235 3537 1280 3617 2)
1309 3541 1342 3598 61
1370 3538 1397 3597 si

120 3619 190 3699 (26)
211 3619 282 3680 Iure
303 3622 468 3689 communi,
485 3618 586 3688 heres,
610 3635 700 3694 quem
754 3619 827 3694 quid
849 3617 1049 3696 consumpsit,
1072 3619 1221 3695 perdidit,
1245 3618 1328 3678 nihil
1348 3633 1397 3676 re-

57 3706 130 3764 iura
159 3699 309 3778 hodierna
339 3703 541 3777 apparentem
572 3710 698 3771 vocent,
754 3701 877 3768 stituet,
901 3699 962 3757 nisi
985 3698 1014 3757 id
1038 3699 1069 3756 in
1090 3717 1149 3774 quo
1170 3697 1272 3757 fectus
1293 3697 1396 3756 estle-

56 3784 115 3842 111
135 3781 236 3840 distat
256 3780 295 3838 ab
316 3798 351 3838 eo
372 3782 425 3854 qui
446 3779 591 3839 sesolum
613 3780 701 3838 here·
755 3779 909 3856 supletior
929 3775 1061 3856 (5239);
1084 3781 1112 3838 si
1139 3779 1168 3836 b.
1203 3777 1226 3836 f.
1257 3776 1397 3852 legatum

56 3866 127 3924 dem
158 3863 266 3937 putat,
305 3860 332 3918 si
363 3877 426 3936 pro
454 3859 590 3928 herede,
620 3860 702 3919 idest
754 3859 852 3918 solvit
875 3877 914 3918 ex
928 3859 1118 3919 testamento
1133 3858 1211 3932 quod
1226 3861 1334 3934 postea
1348 3875 1397 3916 re·

56 3947 87 4004 b.
106 3941 144 4010 l..
160 3947 193 4000 et
208 3959 268 4000 non
289 3941 411 3998 tentum
432 3955 488 4016 pro
507 3957 701 4014 possessore,
754 3942 899 3998 vocatum
920 3937 1077 4014 apparuit,
1101 3941 1133 3996 et
1160 3938 1187 3995 is
1218 3937 1268 3996 cui
1299 3935 1397 3996 solvit

57 4023 140 4084 idest
161 4037 203 4080 m.
227 4018 250 4078 l.
274 4017 325 4098 (L.
341 4021 372 4093 7,
389 4020 424 4080 (1.
442 4020 489 4079 De
503 4021 542 4078 P.
558 4018 618 4096 H.)
635 4037 699 4095 pos·
754 4018 961 4080 facultatibus
974 4017 1078 4093 lapsus
1100 4019 1154 4088 sit,
1178 4018 1322 4078 damnum
1345 4017 1396 4074 he-

56 4104 150 4163 sidet.
175 4100 276 4160 Heres
291 4103 395 4158 eutem
409 4095 616 4158 hereditatem
630 4101 699 4158 vin·
754 4099 838 4159 redis
858 4099 922 4158 erit
941 4097 991 4180 (L.
1008 4099 1059 4170 37,
1076 4097 1219 4171 §Miles
1233 4097 1280 4156 De
1295 4097 1394 4155 milit.

56 4183 142 4242 dicat
161 4197 200 4238 ee
223 4179 361 4252 echone,
389 4195 481 4256 quam
508 4182 699 4255 petitionem
753 4177 908 4258 testam).
933 4177 968 4238 Si
989 4193 1056 4236 rem
1077 4176 1217 4253 aliquem
1239 4175 1395 4236 heredita-

57 4261 251 4322 hereditatis
272 4259 441 4336 appellant.
466 4261 553 4336 Apud
582 4259 696 4320 Gallio.
754 4259 834 4317 riam
855 4259 958 4336 pretio
979 4257 1143 4328 distraxit,
1166 4257 1302 4334 pretium
1316 4258 1395 4330 quod
1444 4315 1447 4322 ,

57 4341 86 4401 J.
109 4343 143 4403 G.
167 4341 269 4401 multa
289 4339 359 4398 heic
379 4343 580 4399 controversa
601 4343 633 4399 et
654 4339 699 4398 iu·
753 4339 874 4414 accepit
895 4338 1065 4398 restituere
1086 4337 1177 4396 debet
1198 4336 1316 4407 heredi;
1344 4336 1397 4396 rel

60 4428 156 4494 certa3
181 4421 214 4478 in
235 4419 285 4478 his
300 4423 430 4478 utuntur
443 4420 510 4478 iure
533 4419 696 4480 communi:
753 4419 781 4478 si
803 4417 881 4478 illud
902 4418 1034 4477 nondum
1056 4417 1175 4495 exegit,
1199 4417 1228 4474 ei
1257 4416 1394 4476 actiones

58 4502 142 4561 uobis
164 4501 237 4561 Art.
259 4499 320 4560 933
334 4517 403 4559 cum
427 4499 539 4576 primis
555 4500 698 4560 utendum
754 4497 863 4557 cedere
883 4495 960 4578 (cit.
984 4493 1084 4574 Art).
1229 4506 1233 4514 ·

57 4582 129 4642 erit.
527 4605 529 4608 ·
812 4577 880 4658 (29)
900 4579 948 4638 Ex
969 4575 1006 4636 L.
1030 4579 1080 4649 44,
1104 4577 1151 4637 De
1172 4577 1213 4636 A.
1236 4575 1280 4634 Η.

114 4657 183 4738 (27)
203 4662 238 4721 G.
262 4658 315 4731 It.,
338 4657 410 4720 933.
433 4659 481 4720 Ex
503 4675 596 4719 cause
622 4676 698 4718 one-

164 4807 508 4854 n·nnr1sir.r.bttmmula
525 4808 609 4852 meet
625 4817 693 4851 mor.
708 4805 763 4854 Vol.
779 4808 809 4851 11.
1303 4806 1330 4849 22
