3404 5126
351 291 455 338 curor
479 291 513 338 n.
539 291 587 342 66,
603 291 732 338 666666
755 290 865 348 uorsus
889 290 1045 338 taratrun
1070 291 1218 338 nrourras
1390 269 1455 338 227

175 394 250 464 art.
277 393 495 464 Contumelia
519 401 583 464 est:
610 397 727 463 animi
748 397 861 463 nostrl
882 402 1097 482 contemptur
1113 393 1283 464 adversus
1299 395 1454 485 aliquem

112 501 328 591 sipuificatlo
347 501 406 586 (6).
433 501 513 569 1666
535 499 643 589 signis
665 505 814 587 constat;
841 499 941 584 idest,
972 498 1105 585 verbis,
1132 499 1285 584 nutibus,
1318 500 1456 590 scriptis

7 633 8 638 ¹
117 607 221 698 (quod
244 605 284 674 lit
306 606 456 696 scriptis,
481 605 619 695 proprio
642 605 786 676 nomine
809 605 847 675 in
871 606 945 674 iure
968 605 1096 675 dicitur
1114 607 1159 692 (6)
1187 605 1322 674 libellus
1337 603 1454 694 sumo·

7 751 9 766 ·
111 717 200 797 aad:
232 733 273 782 ac
315 719 494 802 praeterea
531 712 712 804 quibusvis
739 713 955 800 actionibus,
989 713 1045 782 vel
1073 711 1331 798 omissionibus,
1364 733 1453 804 quae

7 801 9 922 ζ
115 827 241 890 natura
265 821 323 890 vel
346 820 499 890 moribus
522 818 738 909 significandi
763 819 837 888 vim
860 819 991 888 babent
1019 819 1079 907 (7).
1112 823 1259 904 Verum,
1291 825 1331 887 ut
1358 820 1456 908 signa

115 927 366 998 contumeliam
390 927 607 1011 contineant,
633 945 773 996 necesse
797 933 861 1010 est,
879 932 919 994 ut
934 931 970 994 et
985 926 1233 996 contemnendi
1250 927 1369 996 animo
1384 928 1457 998 sint

7 1053 8 1056 ’
113 1053 278 1124 expressa
297 1033 357 1122 (8),
383 1039 419 1101 et
441 1053 559 1102 coram
582 1053 623 1102 eo
646 1033 705 1123 qui
721 1032 972 1120 contemnitur;
990 1033 1084 1124 quia,
1104 1033 1154 1101 uti
1171 1033 1294 1118 bonor,
1313 1033 1362 1102 ita
1382 1037 1455 1124 (per

115 1139 344 1225 contrarium)
370 1139 594 1224 contumelia,
620 1137 835 1228 regulariter,
861 1139 898 1208 in
921 1137 1101 1208 absentem
1118 1157 1189 1208 non
1206 1137 1299 1208 cadit
1318 1139 1377 1228 (9).
1396 1145 1456 1208 Est

7 1265 10 1282 ’
115 1251 235 1316 autem
259 1245 472 1314 contumelia
495 1246 641 1314 mortale
664 1251 847 1334 peccatum
871 1266 915 1314 ex
945 1265 1072 1334 genere
1108 1263 1170 1314 suo
1201 1246 1283 1334 (16);
1316 1267 1454 1334 rernm,

115 1373 187 1424 cun
200 1355 292 1424 idem
308 1355 354 1422 sit
367 1354 523 1423 cuiusvis
537 1353 770 1422 contumeliae
786 1351 959 1422 obiectum
976 1351 1167 1438 materiale,
1192 1373 1317 1444 nempe
1329 1353 1454 1442 bonor,

113 1481 239 1532 omnes
261 1461 494 1530 contumeliae
518 1465 600 1528 sunt
623 1460 778 1529 eiusdem
801 1459 927 1550 speciei
952 1459 1093 1530 intimae
1112 1461 1200 1550 (11).
1222 1467 1368 1551 excepta
1399 1482 1452 1548 ea,

6 1579 7 1660 j
112 1585 206 1658 quae
229 1569 401 1654 inogatur
422 1565 635 1656 parentibus,
660 1567 787 1656 quippe
809 1565 916 1635 etiam
940 1565 1107 1655 pietatem
1130 1565 1246 1634 laedit.

6 1691 8 1702 ’
175 1673 253 1742 276.
279 1677 396 1742 Genus
418 1671 651 1741 contumeliae
674 1677 727 1740 est
741 1669 845 1740 alicui
862 1670 948 1740 vitia
965 1671 1021 1740 vel
1037 1669 1193 1740 delectus
1209 1671 1371 1758 obiicere,
1389 1691 1451 1742 seu

6 1773 8 1860 f
112 1779 241 1863 animi,
265 1797 327 1847 seu
348 1783 471 1862 status,
496 1797 556 1847 seu
581 1777 734 1866 corporis
752 1779 833 1865 (it)
860 1777 951 1869 quod
974 1798 1056 1847 curn
1083 1777 1123 1846 lrt
1145 1777 1301 1868 (16166166
1332 1798 1449 1865 causa,

112 1887 324 1970 conuictum,
342 1903 423 1953 cum
447 1883 513 1954 ioci
538 1883 659 1972 gratia,
684 1887 815 1970 irrisio,
842 1886 899 1953 vel
920 1885 1152 1953 subsannatio
1177 1884 1245 1954 dici
1261 1885 1349 1954 solet
1367 1886 1449 1975 (15).

112 1992 233 2062 lrrisio
256 1991 361 2080 igitur
383 1997 420 2058 et
442 1990 667 2060 subsannatio
695 2011 757 2080 per
788 2010 824 2060 se
856 1991 947 2060 leuia
982 1996 1076 2077 sunt;
1111 1989 1171 2060 sed
1204 1998 1348 2080 possunt
1381 1991 1456 2062 fieri
1559 1991 1563 2000 '

112 2099 245 2186 letalia,
270 2099 299 2167 si
323 2099 351 2168 is
373 2097 433 2190 qui
455 2097 653 2167 ludificatur
674 2098 720 2167 sit
744 2098 799 2167 vir
821 2098 949 2187 gratie,
975 2104 1012 2168 et
1033 2098 1163 2190 aliquid
1193 2097 1225 2168 ei
1256 2100 1452 2188 obiiciatur,

6 2201 7 2206 ’
111 2229 187 2299 quo
209 2207 306 2296 gravi
330 2205 459 2294 pudore
482 2204 695 2274 suffunditur
713 2206 794 2294 (11).
813 2211 852 2273 16
876 2206 1126 2276 contumeliam
1158 2207 1319 2276 recidunt
1350 2209 1457 2278 anule·

112 2315 226 2398 61616,
251 2333 339 2404 quae
361 2312 439 2404 quis
462 2312 498 2381 in
522 2319 740 2402 praesentem
763 2312 897 2382 evomit
915 2312 998 2400 (11);
1024 2311 1096 2398 sed,
1115 2331 1161 2382 ex
1177 2312 1242 2382 boc
1259 2315 1384 2404 capite,
1404 2334 1456 2382 re·

112 2421 294 2510 gulariter,
321 2419 412 2488 levia
436 2425 519 2488 sunt
538 2419 620 2506 (16).

178 2645 213 2726 (5
246 2647 282 2706 L.
309 2645 336 2719 l,
360 2647 407 2706 De
422 2647 537 2706 [6166.
815 2645 867 2784 in.
885 2664 915 2706 n.
939 2645 981 2724 4),
1005 2647 1052 2706 166
1073 2651 1106 2706 66
1127 2647 1315 2708 contumelia
1336 2651 1459 2712 absenti

181 2727 214 2806 (6
249 2729 282 2786 S.
307 2727 414 2803 Alpis,
443 2725 500 2798 III,
527 2725 598 2786 995.
632 2727 760 2798 Varum,
838 2727 885 2784 eri
905 2731 1018 2802 potest.
1042 2727 1082 2786 Et
1105 2727 1174 2786 fieri
1197 2727 1403 2804 intelligitur,
1428 2731 1455 2790 61

115 2809 248 2869 libellus
270 2807 406 2866 famosus
427 2825 485 2864 non
507 2804 711 2882 intelligitur,
736 2807 762 2866 si
815 2807 867 2865 vel
888 2813 982 2866 atrox
1003 2805 1119 2866 iniuria
1141 2808 1194 2880 sit,
1212 2815 1246 2867 ut
1260 2815 1346 2883 puta,
1360 2811 1456 2870 edItis

115 2888 253 2949 infamia
275 2886 339 2945 iam
353 2887 524 2947 innotuerit
552 2883 679 2966 (Salm,
711 2885 760 2960 13,
815 2885 944 2946 famosis
966 2885 1095 2956 libellis3
1119 2886 1170 2944 vel
1192 2905 1296 2946 eoram
1317 2889 1458 2965 pluribus

115 2971 148 3041 4,
174 2965 237 3046 39).
817 2965 902 3024 16666
937 2967 1035 3041 Lago,
1058 2966 1143 3038 XIV,
1167 2964 1210 3044 8).

179 3047 226 3128 (7)
247 3047 330 3117 Sot,
354 3045 411 3116 IX,
435 3048 474 3119 V,
499 3045 524 3117 I;
547 3043 644 3121 Lugo,
674 3047 760 3120 XIV,
875 3045 928 3124 (10
955 3047 1145 3118 Muttlr.,V,
1161 3048 1218 3120 223
1234 3048 1271 3108 D.
1290 3049 1362 3121 Tb,
1379 3050 1410 3122 2,
1425 3050 1457 3121 2,

117 3127 190 3188 193.
214 3127 420 3196 notionibus
442 3131 562 3202 utputa,
586 3127 612 3184 si
640 3130 762 3186 eumin
814 3127 865 3197 72,
890 3125 905 3184 l
928 3127 965 3186 ad
986 3125 1016 3186 3.

5 3265 7 3272 .
114 3205 430 3280 61666666,1666,666.,
444 3207 760 3282 6666666666661666,
875 3203 940 3286 (Il)
961 3206 1059 3283 Lugo,
1083 3207 1169 3280 XIV,
1188 3207 1257 3281 1903
1275 3208 1386 3282 Salm.,
1406 3208 1453 3283 13,

116 3287 146 3348 61
172 3287 268 3346 611661
293 3291 411 3346 temere
439 3286 588 3345 irascitur
614 3285 762 3366 (1146666,
816 3288 846 3356 4,
871 3285 918 3344 12.

115 3369 159 3439 V,
183 3365 247 3444 22),
271 3366 298 3424 61
330 3381 434 3425 eoram
467 3383 502 3424 eo
535 3365 762 3427 vociferaverit
875 3364 941 3447 (12)
962 3367 1000 3428 V.
1025 3369 1062 3428 D.
1085 3368 1158 3438 116,
1175 3369 1206 3440 2,
1223 3367 1254 3439 2,
1271 3368 1412 3439 72,lad
1423 3370 1453 3428 3.

114 3447 172 3529 (L.
197 3447 245 3520 15,
270 3446 317 3506 De
336 3443 475 3524 lnior.)
502 3445 763 3516 omissionibus;
815 3446 979 3521 Defectus,
1000 3465 1071 3506 nam
1093 3447 1227 3508 crimina
1254 3449 1390 3508 obiicere
1422 3453 1455 3508 et

116 3543 240 3604 nempe,
263 3527 384 3602 quoties
398 3525 516 3599 aliquid
530 3527 689 3586 omittitur
703 3545 762 3586 non
815 3528 971 3587 detractio
992 3532 1023 3587 66
1045 3529 1234 3588 contumelia
1263 3531 1312 3587 666
1339 3527 1455 3609 (Moli,

117 3609 188 3668 sine
216 3611 405 3682 contemptu,
434 3606 545 3674 veluti,
576 3605 603 3664 si
629 3608 762 3667 interro·
816 3609 869 3666 16.
892 3607 947 3678 IV,
971 3609 1020 3680 19,
1043 3605 1087 3685 4).

118 3694 216 3766 gatus
230 3704 249 3744 6
264 3686 418 3763 66661666,
441 3703 498 3744 666
521 3687 685 3761 respondet
699 3686 762 3766 (Ex
876 3683 942 3768 (13)
963 3689 1001 3746 Ι).
1025 3689 1098 3760 rb,
1121 3687 1151 3759 2,
1174 3690 1205 3760 2,
1228 3689 1278 3760 75,
1294 3688 1325 3748 2.
1343 3687 1455 3748 1661616

116 3769 157 3828 L.
173 3765 223 3840 10,
237 3767 283 3826 De
298 3763 488 3844 Interrop.)
508 3765 536 3824 si
551 3767 688 3827 adstanti
704 3785 762 3828 non
816 3766 853 3826 fit
874 3782 968 3826 66666
981 3767 1153 3842 cachinnis
1165 3769 1365 3828 subsannatio
1380 3785 1454 3826 naso

117 3848 263 3922 assurgit
284 3845 412 3926 (Salm,
438 3848 486 3916 13,
510 3847 540 3916 4,
566 3841 647 3921 109),
671 3853 732 3908 666.
815 3851 928 3923 rugato
947 3847 999 3928 (Ι).
1024 3848 1101 3918 Th.,
1126 3865 1154 3906 a.
1180 3846 1220 3926 l),
1244 3847 1297 3907 vel
1326 3849 1471 3908 motibus.

181 3926 228 4008 (8)
249 3927 286 3985 D.
310 3925 382 3997 Tb.,
406 3927 437 3999 2,
459 3929 490 3998 2,
512 3926 563 3996 72,
586 3925 617 3984 2.
634 3925 718 3998 Ideo,
735 3927 761 3986 si
815 3927 955 4004 corporis
977 3934 1009 3986 et
1031 3930 1236 3988 membrorum
1251 3927 1352 4008 (Lugo
1367 3927 1455 3998 XIV,

116 4008 195 4084 qnid
215 4005 335 4065 dietum
356 4007 400 4065 616
421 4008 492 4078 1661,
517 4006 568 4064 661
596 4009 763 4066 666666616·
818 4005 898 4083 193).

117 4087 171 4146 616
192 4088 310 4162 gratia,
333 4087 521 4146 contumelia
542 4091 654 4144 cessat:
678 4087 762 4145 dum·
874 4084 940 4166 (14)
962 4089 1043 4157 866,
1067 4089 1106 4158 V,
1136 4086 1191 4158 XI,
1224 4089 1255 4159 2,
1291 4088 1397 4150 (16661.
1423 4087 1453 4147 2.

116 4167 221 4236 modo,
245 4183 301 4225 666
322 4165 406 4225 16666
421 4165 564 4244 66661666
579 4165 632 4236 616,
649 4171 682 4225 66
696 4184 763 4226 666·
814 4168 945 4244 1166666,
968 4169 996 4226 61
1010 4169 1080 4227 viro
1095 4167 1244 4244 religioso
1259 4173 1291 4227 et
1306 4167 1459 4227 honestis-

117 4245 223 4306 rectio
238 4248 395 4306 moderate
411 4247 468 4305 fiat
481 4246 531 4328 (L.
545 4243 574 4316 5,
587 4246 606 4322 ἓ
620 4245 693 4318 616,
709 4247 762 4305 Ad
816 4249 894 4306 simo
909 4248 993 4305 dicas
1006 4247 1139 4318 1616616,
1158 4250 1255 4322 ipsum
1272 4247 1457 4325 6666666116

116 4325 159 4384 L.
182 4324 327 4403 Aquil.);
350 4333 382 4386 et
403 4329 441 4385 ab
461 4344 497 4385 66
518 4325 571 4402 661
586 4327 762 4402 corrigendi
815 4327 974 4400 loquutum
997 4325 1103 4398 fuisse,
1127 4327 1316 4396 6616666666
1338 4327 1415 4387 6616.

119 4407 182 4545 III
198 4405 260 4544 lvel
281 4407 413 4466 officium
442 4407 536 4465 babet
562 4405 614 4486 (V.
634 4403 759 4478 (16166,
875 4405 940 4545 (pp)
960 4406 1074 4545 gapm„
1099 4407 1288 4548 13ἐ74,Ε26.ἠ
1412 4490 1431 4545 ,ι

171 4492 375 4645 (9116666,
393 4568 425 4627 b.
443 4574 478 4634 1.,
492 4567 566 4642 Gap.
584 4565 638 4637 VI,
657 4566 684 4625 1.
700 4569 761 4626 Ile·
816 4491 886 4626 6661
920 4485 1136 4643 6166ἃ616ῃ61166
1166 4505 1460 4644 IotaiimoceIngtII

118 4647 299 4722 palmitem·
320 4663 403 4720 nam,
427 4645 474 4706 uti
496 4646 649 4706 interdum
665 4647 763 4707 bonor
816 4647 878 4719 his,
902 4663 978 4722 quaa
1006 4647 1075 4722 quis
1104 4647 1225 4725 profert
1250 4650 1281 4708 16
1311 4653 1459 4720 mortuos,
