3334 5128
275 166 337 234 151
384 189 473 232 trem
486 189 532 234 nr.
547 203 571 218 -
582 189 698 234 rnacr.
715 190 748 234 rr.
764 190 827 234 rrr.
843 190 865 234 1.
881 190 920 234 nn
937 189 1063 236 neem
1077 189 1117 235 on
1134 187 1260 244 acaum.
1280 191 1353 236 nnn.
1369 190 1499 236 nournro

273 311 334 379 per
357 281 451 358 viam
476 289 650 380 publicam
667 289 792 379 possim
812 291 893 378 (11);
911 313 952 362 00
968 290 1108 377 demum
1126 292 1241 360 reiuso
1256 287 1408 362 dominis
1423 295 1486 362 soli
1503 291 1611 382 pretio

273 401 309 464 et
332 395 469 464 damnis
483 391 567 483 (11).
595 397 645 464 dd
668 395 831 466 ultimum
856 397 883 466 si
901 397 936 465 in
955 403 1015 466 tuo
1036 397 1196 467 fundota
1210 398 1465 490 aquaeductum
1493 403 1610 490 (eoque
1654 403 1656 490 j

274 502 383 591 magis
406 503 434 572 si
459 502 574 572 rivum
599 503 810 593 depressum)
837 503 977 589 babeas,
1001 506 1131 593 poteris
1153 509 1189 572 et
1210 509 1250 572 tu
1274 525 1397 592 cogere
1420 525 1531 574 meco
1545 505 1607 578 uti.

273 607 301 676 si
326 608 506 678 commode
530 607 671 697 possim,
697 629 762 678 nec
785 629 895 700 aquae
919 613 1044 678 natura
1068 613 1208 680 noceat:
1236 617 1272 678 et
1293 631 1357 698 ego
1380 616 1428 696 te,
1447 617 1488 679 ut
1503 632 1611 680 meeo

273 715 324 782 uti
340 715 445 800 sinae,
466 715 495 784 si
512 715 545 784 id
562 717 695 786 nemini
710 716 909 786 nociturum
925 716 983 802 sit,
1002 722 1038 786 et
1053 715 1157 788 iudex
1171 737 1322 807 aequum
1335 717 1514 806 putaverit
1528 719 1605 806 (15).

274 822 425 890 Sed'etsi
449 823 702 914 aquaeductum
728 843 790 912 ego
815 822 1039 908 instituerim,
1064 824 1185 893 alveus
1208 819 1437 893 nibilominus
1459 830 1495 894 et
1518 824 1608 914 ripae

273 935 354 997 tuae
379 935 562 998 remanent
582 931 662 1018 (11).

325 1023 409 1106 181.
437 1040 590 1105 Scaurus
619 1059 723 1116 nouae
752 1045 970 1106 nearvaunre'
988 1043 1056 1106 est:
1094 1041 1154 1106 Ius
1184 1035 1377 1107 derivandi
1407 1058 1541 1128 aquom
1569 1059 1609 1106 er
1655 1039 1656 1050 ’

270 1145 418 1231 praedio
444 1145 570 1228 alieno,
597 1145 646 1213 cd
668 1145 817 1213 alterius
843 1144 986 1232 praedii
1013 1141 1212 1214 utilitatem.
1246 1144 1446 1236 acquiritur
1473 1163 1608 1213 conces

274 1248 370 1320 sione
395 1249 481 1336 eius,
508 1251 606 1320 cuius
630 1257 683 1320 est
706 1272 806 1342 aqua.
833 1256 1007 1334 Quantam
1031 1257 1149 1330 autem
1173 1273 1283 1342 aquae
1307 1251 1441 1341 copiam
1466 1251 1608 1321 educere

274 1356 401 1446 possim
425 1363 460 1426 et
483 1352 853 1448 quibustemporibus,
892 1357 956 1426 nisi
994 1351 1160 1426 continda
1198 1379 1239 1426 ea
1263 1359 1320 1444 sit,
1346 1380 1391 1428 ex
1414 1357 1528 1442 titulo,
1555 1357 1608 1426 vel

274 1482 337 1531 usu
362 1463 546 1554 superioris
581 1463 828 1556 quinquennii,
867 1462 1043 1532 aestimari
1074 1465 1176 1534 debet
1202 1465 1283 1552 (15).
1310 1471 1428 1549 Quae,
1453 1464 1482 1534 si
1506 1463 1605 1532 ‘titulo
1654 1483 1656 1504 ¹

275 1576 420 1639 oneroso
444 1570 633 1640 constituta
659 1573 737 1654 init,
761 1571 932 1661 quaedam
955 1569 1053 1661 quasi
1077 1569 1245 1656 venditio,
1270 1575 1332 1640 aut
1354 1571 1480 1640 locatio
1504 1587 1608 1659 aquae
1654 1589 1656 1604 ²

273 1673 477 1770 intelligitur
495 1677 575 1766 (16)
603 1677 758 1766 proinde,
786 1679 849 1762 1⁰,
874 1697 952 1745 cam
976 1681 1011 1744 te
1036 1676 1104 1746 tuis
1128 1676 1306 1765 impensis,
1332 1677 1439 1745 etiam
1456 1681 1604 1745 extraor-
1654 1673 1656 1766 j

274 1781 427 1868 dinariis
454 1783 589 1852 tradere
613 1789 760 1872 oportet,
786 1804 867 1852 cum
891 1806 910 1852 e
934 1789 994 1852 tuo
1018 1783 1156 1873 praedio
1181 1783 1371 1872 egreditur,
1398 1788 1503 1874 atque
1519 1783 1602 1866 ideo,
1654 1869 1656 1894 Ι

274 1888 970 1982 6.,00000001001010,1110000000,
1000 1890 1140 1959 alveum
1173 1895 1263 1974 etc,
1296 1895 1388 1959 sarta
1421 1894 1515 1959 tecta
1544 1909 1606 1958 ser
1654 1905 1656 1982 j

207 2035 210 2042 ·
274 2013 357 2062 vare
380 1995 483 2064 debes
501 1994 582 2082 (17);
609 2002 655 2078 01,
681 1995 710 2064 si
734 2016 822 2086 aqua
846 1995 992 2065 deficere
1016 1995 1179 2085 coeperit,
1198 1996 1305 2065 etiam
1324 1996 1399 2068 sine
1415 2001 1475 2065 tua
1492 1995 1604 2085 culpa;
1654 1989 1656 2060 1

274 2100 339 2186 5⁰,
365 2102 527 2190 pretium,
553 2123 614 2171 seu
630 2103 823 2171 mercedem
842 2102 1023 2172 restituere
1038 2125 1098 2192 pro
1115 2109 1188 2172 rata
1206 2104 1287 2190 (18).
1303 2104 1476 2186 Quamdiu
1492 2111 1603 2174 autem
1655 2123 1656 2130 ³

274 2229 362 2300 aqua
388 2229 469 2278 casu
494 2207 631 2297 parcior
653 2214 717 2293 est,
744 2209 771 2277 si
797 2209 951 2298 pluribus
974 2209 1153 2298 competit,
1179 2210 1333 2300 inopiam
1357 2211 1386 2280 is
1410 2211 1481 2300 pati
1497 2211 1602 2294 debet,
1654 2199 1656 2304 1

262 2314 329 2383 *eui
355 2335 395 2384 oo
419 2320 587 2402 tempore,
614 2335 681 2405 quo
706 2315 841 2403 parcior
864 2320 928 2401 est,
953 2315 1138 2385 deberetur
1153 2317 1234 2403 (19)
1254 2322 1289 2384 01
1305 2316 1332 2384 si
1345 2316 1491 2386 debetur
1502 2317 1604 2385 omni-
1654 2315 1656 2380 l

273 2421 337 2490 bus
360 2441 430 2490 una
453 2419 569 2504 simul,
595 2420 766 2504 intererit,
793 2427 911 2490 utrum
941 2422 995 2490 ius
1026 2422 1205 2491 servitutis
1235 2421 1377 2511 singulis
1404 2421 1601 2508 successive,
1653 2381 1656 2508 1

272 2547 319 2596 an
343 2527 465 2596 eodem
488 2533 644 2620 tempore
666 2528 862 2626 quaesitum
887 2528 1003 2599 luerit.
1034 2529 1075 2598 si
1100 2529 1271 2619 primum,
1298 2529 1391 2619 prior
1419 2533 1459 2599 ie
1487 2539 1603 2617 tempo
1652 2517 1656 2632 1

275 2795 385 2866 dimus;
414 2795 638 2867 bibliothecas,
676 2795 914 2872 pinacothecas3
971 2813 1026 2854 nee
1041 2801 1231 2867 extructum,
1248 2799 1280 2854 et
1295 2801 1400 2872 partes
1415 2797 1601 2865 dissentiant,
1654 2813 1656 2886 }

274 2874 357 2949 ipsas
377 2892 494 2948 quoque
509 2876 598 2934 aedes
614 2875 763 2952 publicas,
777 2874 914 2946 theatra,
971 2875 1041 2932 vide
1063 2877 1132 2936 Aa.
1148 2875 1220 2948 626,
1236 2875 1306 2936 621.
1330 2876 1409 2942 Quid
1425 2876 1503 2934 iuris
1517 2875 1601 2950 quoad
1654 2911 1656 2950 ,

271 2955 401 3028 templa,
425 2959 485 3013 etc.
779 3005 780 3011 ,
970 2954 1117 3026 alterum,
1141 2955 1168 3015 si
1190 2973 1269 3030 equa
1290 2973 1345 3033 per
1366 2963 1491 3016 turnum
1508 2955 1603 3016 01160
1654 2951 1656 2960 '

334 3031 400 3110 (11)
420 3037 454 3094 O.
472 3035 613 3106 1t.,601.
970 3035 1112 3106 rivanda,
1136 3037 1245 3111 quibus
1260 3035 1451 3111 temporibus
1464 3036 1601 3094 debeatur

334 3113 399 3195 (12)
420 3115 458 3171 V.
477 3117 510 3175 G.
529 3116 663 3184 lambe,
677 3113 827 3186 603‚60t‚
844 3113 914 3174 612.
970 3131 1049 3188 aqua
1071 3115 1212 3183 aestiva,
1236 3115 1346 3190 quibus
1367 3113 1518 3190 hyberna,
1541 3113 1602 3173 ride
1654 3143 1656 3234 p

335 3195 401 3275 (13)
421 3195 454 3254 (1.
473 3195 527 3263 11.,
545 3195 615 3266 599,
631 3195 701 3256 600.
728 3197 794 3253 Tu:
816 3195 867 3254 sed
890 3194 917 3254 si
970 3195 1042 3253 Art.
1065 3195 1135 3254 624:
1159 3184 1269 3270 quibus
1290 3193 1382 3254 iestis
1403 3195 1508 3254 diebus
1526 3193 1602 3274 (quos
1655 3235 1656 3240 η

273 3274 333 3332 tibi
354 3276 523 3336 eommunis
545 3293 611 3334 cum
634 3275 697 3334 alio
718 3279 777 3344 est,
799 3282 870 3350 puto
885 3277 917 3334 et
970 3291 1009 3332 ex
1045 3273 1229 3334 kalendario
1260 3273 1477 3334 ecclesiastico
1508 3269 1601 3334 metiri
1654 3267 1656 3298 ¹

274 3351 353 3413 buno
375 3353 444 3428 cogi
467 3373 565 3430 posse,
589 3375 628 3415 cx
649 3362 713 3414 art.
737 3353 789 3413 66.
970 3351 1121 3432 oportet),
1146 3355 1217 3413 vide
1238 3357 1307 3416 ΛΑ.
1334 3353 1404 3422 624,
1431 3353 1523 3414 1131:
1545 3351 1601 3428 qui·
1654 3363 1656 3408 l

334 3433 399 3516 (14)
413 3440 460 3497 Ex
473 3436 507 3496 G.
525 3435 578 3507 11.,
588 3434 660 3507 648;
673 3433 710 3494 V.
728 3437 746 3510 ἓ
759 3435 826 3504 155,
845 3453 873 3492 n.
885 3434 914 3492 2.
971 3435 1025 3490 bus
1047 3433 1144 3506 horis,
1161 3437 1188 3493 si
1203 3451 1258 3510 per
1272 3439 1375 3494 rotam
1390 3434 1535 3492 horarum
1547 3437 1601 3491 sta·
1654 3419 1656 3518 (

274 3513 410 3576 Proinde
432 3518 521 3575 iuxta
536 3517 620 3591 ripas
635 3514 790 3590 plantare,
807 3521 839 3573 et
854 3513 918 3573 iru·
970 3517 1039 3572 tuta
1061 3513 1114 3584 sit,
1140 3514 1209 3574 vide
1231 3515 1300 3574 Aa.
1327 3513 1398 3584 625,
1421 3513 1493 3574 626.

274 3599 343 3654 otus
365 3615 404 3654 ex
426 3615 460 3654 eo
481 3597 650 3672 percipere,
668 3596 755 3653 modo
770 3593 850 3652 nihil
866 3613 917 3654 no·
1029 3591 1096 3672 (16)
1106 3593 1153 3654 Ex
1166 3593 1201 3654 G.
1215 3592 1270 3666 11.,
1285 3593 1356 3654 650.
1368 3594 1452 3659 Quod
1469 3591 1602 3652 eonstitu-
1653 3523 1656 3678 1

275 3691 357 3746 cees,
380 3677 507 3752 poteris.
533 3675 601 3733 Nori
624 3675 698 3735 item
722 3675 752 3731 in
767 3673 858 3732 alveo
873 3675 917 3750 pi·
970 3676 1036 3730 tunt
1049 3672 1173 3733 videtur
1184 3675 1221 3732 ad
1238 3673 1362 3732 fraudes
1374 3673 1598 3748 praecavendas.
1653 3697 1656 3782 Ι

274 3756 368 3828 scari,
391 3756 463 3830 quia
486 3771 565 3830 aqua
588 3756 740 3831 profluens
766 3769 833 3812 mea
855 3759 914 3813 est.
1029 3751 1094 3831 (17)
1115 3753 1230 3824 ott,
1255 3753 1326 3814 649.
1350 3751 1525 3830 Eortsque3
1542 3765 1601 3808 nam
1654 3789 1656 3822 ,

275 3835 314 3894 Et
329 3853 366 3894 ne
381 3839 423 3908 te,
436 3836 527 3894 alveo
543 3843 648 3910 postea
664 3833 745 3892 forte
760 3833 915 3909 depresso,
971 3831 1114 3902 ulteriuS,
1132 3834 1164 3892 in
1180 3831 1315 3909 praediis
1327 3833 1450 3903 alienis,
1464 3849 1518 3891 neo
1529 3845 1602 3906 opor·
1654 3877 1656 3908 ,

273 3915 411 3974 servitus
423 3921 622 3992 praegravet,
636 3931 714 3973 ame
728 3913 787 3971 tibi
801 3913 918 3988 prospi·
971 3915 1029 3981 tet,
1054 3929 1108 3970 nee
1131 3913 1208 3972 lieet
1228 3911 1289 3990 (Ex
1310 3916 1382 3972 Art.
1407 3912 1492 3988 598).
1655 3921 1656 3960 l

274 3995 413 4054 ciendum
435 4003 520 4055 est..
1031 3992 1096 4069 (18)
1117 3993 1151 4052 G.
1176 3993 1231 4064 It.,
1248 3991 1319 4053 650.
1336 3993 1377 4053 Et
1399 3993 1426 4051 si
1456 3993 1514 4051 hoo
1536 3988 1601 4048 alte
1654 4049 1656 4068 ἱ

332 4074 398 4154 (15)
420 4077 458 4134 V.
476 4071 752 4146 0116201123.
776 4071 854 4137 Quid
865 4091 917 4130 en·
971 4069 1037 4130 rius
1059 4089 1152 4146 opera
1167 4070 1285 4131 iactum
1307 4073 1361 4143 sit,
1375 4090 1498 4149 possum
1519 4076 1548 4130 te
1563 4083 1602 4126 eo·
1654 4085 1656 4150 l

273 4157 338 4210 tem
359 4155 438 4214 iuris
452 4157 494 4216 sit
508 4155 605 4229 quoad
621 4154 766 4229 primum,
781 4151 808 4212 si
823 4171 856 4210 os
867 4170 917 4210 ae·
971 4167 1045 4226 gere
1066 4157 1101 4210 ut
1122 4169 1240 4211 meeum
1263 4169 1330 4210 cum
1351 4171 1388 4212 eo
1408 4147 1513 4211 damni
1538 4161 1601 4224 agas
1654 4151 1656 4228 ζ

272 4231 372 4292 dificii
392 4236 460 4314 (per
481 4235 557 4310 quod
574 4251 654 4308 equa
668 4251 708 4292 ex
723 4239 776 4290 tuo
793 4231 917 4306 praedio
970 4230 1046 4307 (cit.
1071 4231 1175 4309 Art.):
1207 4232 1340 4304 seilicet,
1368 4250 1406 4290 ne
1435 4231 1517 4290 forte
1545 4241 1601 4286 cum
1654 4241 1656 4280 i

274 4311 306 4368 in
317 4331 415 4372 meum
432 4314 589 4390 praedium
604 4309 727 4390 defluit)
741 4311 914 4384 definitum,
972 4327 1023 4368 reo
1044 4311 1195 4372 colludas.
1220 4313 1300 4372 Sine
1323 4319 1381 4370 teta
1406 4312 1525 4387 culpm-
1543 4322 1599 4394 aare
1654 4317 1656 4378 (

274 4391 326 4451 vel
338 4394 399 4451 iam
416 4401 593 4454 extructum
608 4393 717 4466 fuerit,
731 4397 763 4450 et
777 4391 860 4452 alter
871 4391 917 4450 ni·
971 4389 1029 4448 hac
1059 4390 1282 4463 interveninte,
1310 4392 1427 4452 teneris
1449 4399 1482 4451 et
1512 4390 1601 4448 damn
1654 4423 1656 4438 ι

273 4469 527 4533 triennarum
540 4473 714 4532 reformare
728 4472 917 4532 vacarem
970 4469 1046 4548 (ca.
1065 4470 1204 4551 eaeo).
1301 4539 1306 4546 „
1654 4457 1656 4522 l

274 4549 393 4626 101110)
424 4551 475 4612 vel
499 4551 527 4611 si
548 4571 603 4612 nec
623 4553 783 4612 definitum
806 4551 914 4624 fuerit,
1030 4549 1096 4630 (19)
1111 4553 1145 4612 G.
1163 4551 1218 4624 Ι1.,
1234 4550 1307 4612 651.
1654 4549 1656 4616 1
