3404 5126
357 229 462 276 catur
486 229 508 276 Ι.
534 227 699 275 caniturus
722 227 895 283 uuntusous
918 226 1152 280 nusrrrumorus
1389 205 1448 274 181

95 327 285 400 incertum
308 335 488 400 auctorem
511 329 631 400 damni
656 330 716 419 (6).
743 334 848 399 Porro
872 329 957 419 quid
980 327 1234 398 restituendum
1258 328 1315 415 sit,
1332 349 1354 400 a
1372 349 1450 418 quo,

93 440 181 522 eui,
206 433 363 526 superius
382 435 467 505 dixi.
1281 455 1283 458 ·

167 543 246 612 218.
273 541 335 611 Ubi
357 549 476 612 autem
500 543 593 612 nulla
617 541 785 612 dubitatio
808 539 971 626 occurrit,
997 539 1184 625 restitutio,
1202 539 1453 630 inacceptum

11 719 13 750 Ι
94 651 258 734 iniusta,
284 647 442 719 iacienda
466 655 519 718 est
541 647 585 718 ab
608 669 661 734 eo,
686 647 745 738 qui
768 648 937 717 damnum
960 646 1075 732 dedit,
1092 645 1137 732 ei,
1162 646 1218 716 cui
1242 648 1362 716 datum
1386 645 1453 715 luit

95 754 291 842 damnum,
316 775 426 845 eoque
450 757 550 841 torte,
576 757 633 825 vel
656 753 722 823 hoc
745 753 819 824 vita
843 753 985 840 iunctis,
1008 754 1052 824 ab
1068 753 1263 840 heredibus
1281 755 1338 824 vel
1354 755 1451 824 here·

11 857 13 918 3
93 859 222 945 dibus,
247 879 309 951 pro
332 859 547 950 portionibus
569 859 797 930 hereditariis.
825 863 865 929 ln
889 881 926 929 re
948 863 1078 929 iniuste
1105 869 1264 948 accepto,
1291 857 1452 929 iacienda

11 1021 12 1030 ,
96 975 161 1036 est
185 967 307 1052 abeo,
333 985 439 1057 penes
461 987 566 1058 quem
590 987 645 1038 res
668 973 789 1036 extat:
824 973 859 1038 et
881 965 913 1035 ei
937 972 990 1036 est
1019 965 1177 1036 iacienda
1208 965 1307 1035 cuius
1330 965 1453 1034 iustior

95 1081 162 1144 est
186 1073 365 1163 repetitio:
391 1073 450 1142 sed
473 1073 516 1143 de
539 1073 604 1142 boc
627 1074 730 1143 latius
765 1093 826 1143 suo
861 1074 947 1143 loeo.
986 1071 1117 1146 silleri
1141 1073 1261 1165 nequit
1283 1073 1452 1143 damnum

95 1203 209 1273 passo
235 1183 305 1270 (vel
328 1181 538 1270 heredibus),
564 1179 734 1267 intererit,
760 1179 789 1250 si
805 1178 888 1272 quid
904 1180 1037 1271 opinor,
1056 1187 1175 1250 utrum
1192 1180 1221 1249 is
1236 1179 1375 1270 ignotus
1390 1180 1449 1268 sit,

95 1311 151 1358 an
179 1289 346 1358 incertus.
373 1289 406 1357 Si
429 1293 571 1376 ipnotsts
596 1287 715 1377 (idest,
751 1287 779 1356 si
811 1286 889 1378 quis
920 1307 1039 1378 passus
1072 1287 1116 1378 sit
1146 1289 1315 1358 damnum
1339 1309 1452 1380 neque
1576 1369 1578 1374 ,

97 1395 235 1482 scitur,
261 1416 374 1486 neque
398 1393 551 1464 adhibita
574 1393 751 1484 diligentia
775 1392 854 1463 sciri
879 1394 1012 1484 potuit,
1037 1415 1103 1464 nec
1126 1393 1300 1484 probabile
1323 1401 1377 1466 est
1400 1418 1452 1466 re-

95 1502 188 1572 sciri
214 1521 312 1592 posse
336 1502 555 1594 aliquando),
588 1500 762 1571 restitutio
785 1499 993 1591 pauperibus
1017 1502 1074 1571 vel
1097 1501 1135 1572 in
1159 1503 1231 1593 pias
1255 1523 1376 1576 causas
1400 1511 1453 1574 est

11 1617 13 1702 j
95 1607 267 1678 facienda
294 1609 353 1697 (7).
380 1607 438 1677 Sin
464 1614 516 1677 est
539 1611 694 1676 incertas
720 1607 820 1693 (idest
843 1607 871 1676 si
895 1606 972 1698 quis
994 1607 1163 1678 damnum
1182 1629 1203 1679 a
1219 1614 1254 1678 te
1270 1629 1389 1700 passus
1405 1609 1452 1680 sit

11 1703 13 1710 ’
99 1735 180 1783 non
204 1713 345 1803 penitus
367 1713 558 1803 ignoratur,
585 1733 724 1804 nempe,
749 1713 778 1783 si
801 1713 902 1800 scias,
928 1733 1039 1782 unum
1064 1734 1149 1800 esse,
1176 1736 1210 1784 v.
1237 1737 1284 1802 c.,
1299 1737 1344 1786 ex
1366 1735 1450 1808 qua·

11 1875 13 1902 ,
95 1825 202 1905 tuor,
227 1827 288 1890 aut
311 1821 491 1912 quinque),
517 1820 675 1890 facienda
694 1820 922 1890 estomnibus
936 1840 998 1910 pro
1014 1827 1089 1910 rata
1105 1820 1199 1890 dubii
1218 1820 1277 1910 (8).
1296 1821 1453 1915 Denique

11 1935 13 2006 ξ
96 1925 130 1994 si
158 1925 331 1996 damnum
354 1926 457 2016 passi,
482 1927 598 2017 plures
633 1928 690 1996 vel
725 1925 863 2016 plurimi
899 1924 1042 2013 inerint,
1067 1925 1117 1996 sic
1140 1927 1298 1998 facienda
1322 1934 1387 2014 est,
1413 1933 1453 1997 ut

11 2029 14 2062 ⁷
98 2033 282 2120 omnibuS,
308 2035 364 2104 vel
387 2032 651 2125 quamplurimis
674 2053 795 2102 eorum
818 2032 943 2123 prosit:
970 2032 1064 2119 hine,
1089 2055 1126 2104 v.
1152 2054 1199 2120 c.,
1226 2039 1262 2104 et
1280 2055 1300 2104 a
1317 2055 1449 2104 mercc-

11 2147 13 2218 ζ
98 2146 205 2225 tore,
230 2139 290 2232 qui
313 2139 409 2210 falsis
433 2140 652 2230 ponderibus,
680 2140 852 2210 mensuris
875 2160 958 2210 usus
975 2145 1045 2228 est;
1072 2146 1108 2209 et
1130 2140 1174 2210 ah
1197 2163 1250 2227 eo,
1276 2141 1335 2233 qui
1360 2143 1452 2212 ultra

101 2247 262 2340 pretium
287 2267 488 2338 supremum
512 2247 688 2333 vendidit,
713 2248 768 2317 his
791 2254 844 2317 est
866 2246 1037 2333 facienda,
1065 2249 1125 2338 qui
1148 2248 1191 2318 ab
1215 2269 1255 2318 eo
1279 2248 1449 2338 emerint;

11 2333 15 2424 ἶ
99 2365 181 2442 aut,
209 2357 237 2426 si
260 2356 295 2426 id
319 2355 455 2426 difficile
488 2353 544 2442 sit,
581 2355 739 2426 iacienda
771 2355 837 2424 erit
865 2353 968 2424 vilius
996 2355 1179 2424 vendendo
1211 2377 1251 2424 eo
1281 2355 1360 2444 loci,
1393 2356 1453 2426 ubi

99 2463 266 2534 vendidit
290 2461 415 2532 carius:
442 2467 478 2531 et
501 2461 528 2530 si
557 2483 622 2532 nec
653 2461 687 2530 id
717 2461 825 2551 possit
853 2460 928 2530 sine
958 2461 1179 2532 incommodo
1202 2462 1320 2550 gravi,
1352 2462 1451 2532 resti-

11 2559 13 2646 ss
99 2569 278 2640 tuendum
303 2569 370 2640 erit
392 2569 599 2660 pauperibus
622 2567 696 2637 eius
719 2566 798 2652 loci,
824 2588 869 2636 ex
892 2573 1112 2658 praesumpta
1129 2567 1310 2639 voluntate
1326 2589 1452 2638 eorum

97 2675 166 2770 qui
192 2675 360 2746 damnum
385 2674 474 2766 passi
499 2680 593 2744 sunt:
620 2673 679 2744 sed
702 2673 731 2743 si
755 2672 830 2744 aliis
854 2673 1055 2759 restituerit,
1080 2671 1254 2764 probabile
1285 2681 1354 2761 est,
1380 2696 1451 2745 non

11 2783 13 2800 ²
98 2801 184 2852 esse
208 2781 311 2872 letale
330 2783 389 2870 (9).

165 2887 245 2957 tls.
275 2893 315 2956 Et
336 2887 494 2977 protinus
518 2893 570 2958 est
595 2886 766 2973 iacienda,
792 2887 872 2979 quia
896 2885 1138 2956 damnificator
1149 2906 1285 2976 semper
1296 2886 1331 2956 in
1355 2907 1452 2958 mora

11 2979 13 3034 1
99 3001 172 3080 est,
202 2994 297 3064 etin
321 3001 413 3064 statu
437 2993 672 3065 damnationis
688 2995 769 3084 (10).
797 2999 941 3084 Nempe,
967 2993 996 3062 si
1020 3014 1091 3062 non
1116 3000 1212 3062 caret
1235 2993 1336 3082 culpa
1352 2991 1450 3062 theo-

11 3149 13 3182 ,
100 3101 232 3192 logica,
258 3100 329 3170 suis
352 3099 529 3190 impensis,
556 3108 591 3170 et
614 3123 655 3171 eo
679 3099 755 3171 loco
778 3101 871 3170 unde
894 3100 989 3170 illam
1005 3099 1189 3185 subtraxit,
1208 3099 1265 3169 vel
1280 3098 1339 3168 ubi
1356 3119 1452 3170 nunc

11 3213 13 3276 Ξ
99 3214 226 3292 extat,
251 3205 394 3277 arbitrio
418 3207 585 3278 damnum
616 3207 724 3298 passi,
759 3227 875 3294 sacua,
907 3207 1073 3297 impensis
1096 3205 1296 3292 creditoris,
1329 3209 1365 3275 et
1392 3203 1452 3276 ubi

11 3353 13 3410 5
54 3370 63 3392 ,
101 3333 159 3385 res
188 3320 288 3384 extat
310 3313 385 3384 sine
408 3321 470 3383 tuo
493 3315 570 3385 dolo
595 3315 686 3386 malo
713 3316 801 3404 (ll):
829 3313 895 3384 nisi
920 3316 1009 3385 lorte
1038 3315 1082 3384 sit
1105 3315 1142 3384 in
1171 3335 1288 3402 mora,
1318 3333 1363 3382 ex
1386 3312 1453 3382 hac

11 3413 13 3458 ἶ
100 3421 202 3490 enim
235 3421 420 3510 possessori
451 3443 498 3490 m.
532 3423 556 3491 l.
595 3421 851 3512 aequiparatur.
890 3423 934 3491 m
956 3421 984 3490 si
1015 3420 1164 3512 pretium
1197 3418 1451 3492 restituendum

166 3697 213 3774 (6)
228 3697 262 3756 S.
281 3696 389 3774 Alpa,
405 3699 461 3772 ΙΙΙ,
479 3699 550 3769 658,
561 3699 632 3758 infi.
646 3697 754 3759 Veluti
806 3717 841 3758 re
856 3699 978 3776 (nempe
999 3717 1037 3757 ex
1053 3703 1251 3774 praesumpta
1266 3696 1383 3756 domini
1399 3713 1452 3754 vo·

101 3776 131 3836 si
145 3783 244 3854 nupta
253 3777 433 3838 adulterata
448 3795 515 3838 cum
531 3779 606 3840 Gaio
620 3783 654 3837 et
668 3779 751 3851 Seio,
807 3775 954 3855 luntste),
979 3796 1032 3838 ceu
1048 3780 1158 3856 putant
1172 3776 1290 3836 Melina
1304 3784 1337 3834 et
1350 3773 1449 3852 Lugo,

100 3856 295 3934 conceperit,
318 3874 375 3915 nec
397 3859 478 3920 sciat
499 3863 603 3919 utrum
627 3875 666 3917 ex
682 3857 752 3928 illo,
807 3876 845 3918 an
867 3877 907 3917 ex
921 3859 1123 3932 dispositione
1138 3857 1216 3916 iuris
1230 3853 1387 3928 canonici,
1405 3854 1453 3914 uti

11 3969 12 3972 =
103 3953 142 3995 an
167 3953 207 3996 ex
228 3938 297 4007 boc,
318 3937 346 3996 si
367 3937 394 3996 is
416 3938 549 4014 primum
563 3937 752 3999 adulterium
806 3939 903 4014 Vasq.
920 3944 952 3998 et
963 3939 1051 4000 Less.
1063 3937 1115 4017 (V.
1127 3935 1224 4014 Lago,
1239 3955 1269 3996 n.
1280 3935 1349 4006 144,
1361 3933 1450 4012 ote).

103 4015 342 4159 ignoravit.OG
364 4095 385 4156 5
409 4095 476 4156 13,
515 4097 536 4158 fl
578 4099 608 4159 D
639 4099 669 4157 U
744 4119 751 4134 ,
808 4014 1447 4159 1388)116ὲ111130,ΧΧ,1111.2;8111111,

103 4175 141 4235 o.
161 4093 289 4250 ilfi
305 4175 336 4249 2,
346 4141 404 4249 ⁸62⁹,
422 4117 499 4238 sil
509 4117 749 4256 si'uigofiiiss
848 4141 912 4258 ’(o')
933 4179 965 4240 s,
982 4143 1098 4255 arpa,
1116 4177 1172 4250 111,
1190 4175 1261 4249 asc
1277 4176 1321 4236 11.
1338 4175 1393 4244 a,
1408 4175 1449 4248 x,

107 4255 175 4318 134.
200 4259 343 4334 Adeoque
370 4259 431 4318 tibi
453 4261 592 4320 retinere
616 4260 749 4336 poteris,
805 4259 856 4320 28.

11 4405 12 4410 η
103 4336 130 4396 si
156 4355 231 4398 vere
252 4338 295 4398 sis
317 4353 433 4417 pauper
454 4340 569 4417 (Moli,
594 4341 650 4410 111,
670 4340 749 4412 747;
865 4335 930 4418 (10)
953 4339 989 4397 D.
1006 4337 1078 4408 Tu,
1095 4337 1126 4408 2,
1141 4337 1173 4410 2,
1190 4335 1241 4407 62,
1259 4336 1291 4395 8.
1321 4335 1453 4404 Omnem

103 4414 498 4496 Less.,11,14‚tl;1‚ugo,
515 4437 545 4480 n.
558 4418 639 4498 148).
653 4420 751 4486 Quae·
806 4418 918 4488 Salm„
944 4417 992 4488 13,
1012 4416 1039 4490 l,
1056 4417 1127 4477 261.

104 4497 218 4557 stiouis
238 4504 299 4571 est,
320 4505 424 4560 utrum
439 4499 516 4558 haec
531 4499 693 4560 restitutio
707 4499 751 4559 sit
865 4495 931 4577 (11)
953 4497 1153 4569 Lu.1o,11‚
1180 4495 1228 4568 12,
1253 4495 1301 4556 De
1322 4497 1362 4556 R.
1393 4493 1429 4554 V.
1439 4513 1453 4565 ,·

106 4573 248 4638 iacienda
269 4579 455 4656 pauperibus
469 4580 535 4656 ipso
549 4579 689 4640 naturali
704 4578 750 4638 iu·
804 4577 842 4636 L.
867 4578 918 4652 49,
935 4577 998 4654 51,
1020 4577 1068 4638 De
1091 4577 1200 4654 leuat„
1220 4577 1246 4638 1.
