3404 5134
459 1023 879 1159 LIBER
936 1021 1059 1157 H.

187 1303 266 1384 DE
297 1301 813 1386 OBLIGATIONIBUS
841 1301 1009 1384 ERGA
1039 1301 1115 1384 SE
1144 1303 1330 1386 IPSUM

392 1809 818 1930 tuleritis
871 1813 1123 2004 uultus

681 2060 842 2078 ᾺΛᾹΛΛΛΝ

12 2289 16 2336 ²
146 2307 197 2375 62.
225 2309 354 2376 dotum
377 2310 430 2374 cst
456 2305 498 2374 dc
528 2304 792 2394 obligationibus
822 2325 902 2394 erga
934 2313 1063 2376 iteum:
1089 2305 1257 2398 sequitur,
1283 2313 1322 2375 ut
1351 2329 1429 2396 aga·

12 2413 19 2490 i,
95 2429 162 2479 mus
176 2411 217 2480 dc
234 2410 503 2502 obligationibus
519 2433 597 2501 erga
615 2411 778 2502 seipsum.
797 2412 920 2482 Omnis
935 2411 1040 2502 igitur
1055 2413 1215 2502 obligatio
1232 2411 1429 2482 huiusmodi

92 2519 221 2610 abipsa
245 2525 372 2590 natura
403 2519 555 2588 hominis
577 2525 707 2588 statum
724 2517 826 2610 capit.
853 2525 964 2590 Homo
988 2520 1191 2590 naturaliter
1213 2541 1294 2590 suae
1323 2519 1430 2590 felici·

12 2617 15 2696 '5
96 2625 149 2696 tati
170 2627 306 2696 studet:
332 2626 412 2696 inde
447 2626 668 2717 prosequitur
702 2645 783 2695 eum
818 2626 939 2716 primis
974 2625 1147 2696 sensibilia
1171 2633 1206 2696 et
1241 2627 1429 2717 corporalia

13 2726 18 2830 J
94 2730 184 2817 bona,
210 2732 340 2822 refugit
362 2739 480 2804 autem
502 2731 676 2802 sensibilia
700 2739 736 2802 et
759 2733 948 2822 corporalia
972 2733 1079 2822 mala3
1106 2753 1244 2822 nempe,
1258 2737 1425 2822 appetitu.

13 2831 16 2884 ἰ
97 2841 187 2908 Porro
209 2859 346 2925 eorum,
364 2860 453 2930 quae
478 2840 581 2908 homo
605 2839 810 2909 naturaliter
832 2847 926 2924 avet,
944 2846 1005 2910 aut
1028 2839 1165 2928 refugit,
1185 2837 1273 2908 ratio
1296 2844 1347 2908 est
1373 2859 1426 2908 or·

13 2971 17 3012 r
96 2942 235 3016 dinatrix
255 2948 322 3036 lli:
342 2967 386 3016 nc
411 2945 515 3035 igitur
527 2945 731 3036 appetitusa
748 2946 882 3016 ratione
898 2946 1078 3030 desciscat,
1096 2949 1129 3014 el
1148 2945 1213 3014 illis
1229 2946 1304 3034 plus
1319 2964 1428 3035 aequo

96 3047 271 3141 indulgeat,
298 3052 341 3121 ab
364 3052 417 3121 his
444 3051 519 3142 plus
542 3073 652 3144 aequo
684 3053 843 3143 refugiat,
869 3052 964 3122 illinc
989 3053 1225 3140 terrzperamm
1255 3051 1334 3119 data
1362 3057 1426 3136 est,

96 3155 166 3228 hinc
187 3159 369 3248 fortitudo.
390 3159 455 3230 Sed
479 3181 591 3252 neque
609 3161 695 3231 haec
711 3161 795 3232 satis
810 3167 909 3248 sunt;
930 3182 1012 3230 nam
1036 3159 1199 3251 quidquid
1216 3157 1426 3244 iaciendum,

13 3263 15 3308 ῑ
95 3271 146 3332 aut
167 3265 368 3356 fugiendum
391 3273 456 3352 cst,
481 3267 626 3360 quisque
651 3269 779 3354 iacere,
804 3270 922 3356 fugere
947 3267 1061 3352 debet,
1087 3287 1167 3335 cum
1196 3269 1343 3355 oportet,
1368 3263 1427 3332 ubi

13 3451 15 3460 ‚
94 3378 228 3458 oportet,
245 3381 349 3464 prout
372 3379 507 3464 oportet
526 3376 570 3466 (2)
585 3402 592 3444 :
613 3375 698 3446 baec
710 3375 906 3464 prudentio
922 3375 1033 3444 docet.
1049 3375 1293 3458 Quamobrem,
1315 3369 1428 3440 omnis

13 3463 17 3514 f
96 3473 233 3550 bominis
257 3501 338 3570 erga
371 3480 522 3570 seipsum
553 3481 714 3572 obligatio
745 3480 855 3550 oritur
884 3501 965 3550 cum
998 3479 1117 3571 primis
1139 3481 1197 3548 rel
1220 3499 1265 3547 ex
1295 3483 1426 3565 tempe-

14 3633 19 3670 ,
96 3585 208 3670 mutia,
235 3587 292 3656 vel
316 3608 361 3656 ex
385 3586 600 3673 fortitudine,
628 3588 683 3657 vcl
707 3609 751 3656 cu
780 3587 975 3676 prudentia.

517 3773 595 3880 dar.
622 3773 646 3837 l.
675 3774 723 3836 lle
747 3773 996 3857 teutpercutic.

146 3931 196 4001 tt.
222 3939 396 4004 Bonorum
420 3933 633 4004 sensibilium
653 3937 752 4025 (quac
776 3934 949 4003 advitam
973 3932 1160 4024 pertinent)
1177 3931 1303 4020 triplex
1319 3949 1428 4018 genus

14 4067 17 4092 r
95 4039 151 4104 est.
176 4043 262 4109 Nam
286 4040 457 4131 quaedam
481 4039 524 4109 ad
548 4038 779 4125 individuum,
798 4039 967 4131 quaedam
984 4039 1027 4108 ad
1050 4035 1199 4128 speciem
1216 4055 1426 4105 conservan-

96 4135 178 4227 dam,
190 4146 358 4234 quaedam
371 4165 456 4236 vero
472 4145 515 4214 ad
528 4145 638 4215 trium
655 4145 881 4216 recreandam
895 4151 978 4214 sunt
993 4144 1162 4212 ordinata.
1173 4148 1268 4224 Quae
1284 4141 1426 4232 proinde

96 4241 216 4320 licitum
239 4259 291 4322 est
314 4253 486 4344 prosequi,
511 4259 546 4322 et
569 4253 761 4344 appetitum
791 4274 927 4345 quoque
951 4252 1022 4322 suis
1052 4251 1187 4322 actibus
1216 4251 1301 4340 irui;
1329 4251 1426 4321 dum-

97 4353 186 4423 modo
208 4356 240 4426 id
264 4357 325 4429 irat
346 4358 445 4429 iuxta
470 4363 584 4444 rectae
609 4359 753 4430 rationis
777 4360 930 4447 regulam
951 4359 1010 4448 (liz
1032 4357 1129 4442 idest,
1155 4355 1192 4426 in
1215 4379 1297 4428 eum
1327 4358 1425 4427 dum·

149 4534 176 4614 (l
211 4540 247 4600 D.
271 4541 343 4613 Tu,
366 4541 397 4614 2,
420 4542 451 4613 2,
477 4541 545 4614 151,
567 4543 599 4602 2.
780 4547 865 4601 cant.
883 4541 1010 4617 Nempe,
1029 4543 1169 4600 rationis
1179 4561 1191 4609 ;
1206 4559 1275 4602 nam
1292 4543 1427 4602 medium

150 4617 181 4696 (2
211 4619 246 4680 D.
270 4621 341 4694 Th,
366 4621 395 4695 l,
411 4622 441 4692 2,
465 4623 515 4694 ol,
541 4623 555 4680 l
579 4625 616 4681 ad
637 4623 668 4681 2.
686 4623 726 4682 Et
781 4625 831 4680 rei
851 4622 889 4680 ad
913 4621 1068 4680 iustitiam
1091 4621 1238 4698 pertinet.

101 4689 149 4752 hoc
167 4703 212 4758 est
232 4703 376 4762 medium
409 4703 540 4762 virtutis
563 4704 641 4777 quod
673 4721 728 4760 vo·
840 4698 886 4784 (l)
908 4703 944 4761 D.
969 4701 1042 4774 Tb,
1065 4701 1095 4774 2,
1118 4702 1148 4772 2,
1175 4702 1242 4772 141,
1268 4701 1295 4760 1.
