3404 5134
452 318 555 365 CAPUT
580 319 601 365 1.
628 319 710 375 Quat
734 318 871 366 caninas
895 318 1010 365 IUBEAT

640 567 775 638 CAPUT
800 573 825 637 Ι.

538 783 621 842 ouen
644 785 782 832 contras
809 785 924 832 issaar

13 917 16 1028 l
108 939 186 1004 bar.
207 941 232 1004 l.
252 939 302 1002 De
316 933 561 1004 subveniendis
580 934 754 1020 proximis
770 936 808 1000 in
825 933 1083 1002 necessitatibus
1097 936 1353 1022 spiritualibus.

13 1129 17 1218 ἱ
107 1145 159 1216 82.
186 1145 419 1216 Necessitates
442 1143 636 1234 spirituales
659 1145 789 1214 multae
821 1151 933 1233 sunt;¹
955 1147 1014 1216 sed
1044 1145 1081 1214 in
1113 1147 1235 1236 primis
1265 1170 1399 1238 eorum,

13 1263 18 1332 t
67 1253 224 1346 quisunt
248 1253 285 1322 in
310 1253 462 1343 periculo
486 1250 651 1342 peccandi
675 1252 840 1342 graviter,
865 1252 921 1324 vel
946 1253 1016 1322 iam
1041 1261 1244 1344 peccarunt,
1269 1259 1325 1327 vel
1349 1279 1400 1330 sa·

13 1359 17 1468 ᾗ
67 1363 132 1430 late
160 1365 304 1431 aeterna
331 1379 470 1452 quoquo
500 1359 602 1428 modo
630 1358 881 1448 periclitantur.
919 1365 1011 1430 llaec
1046 1381 1182 1452 quoque
1213 1347 1416 1434 necessitas

12 1473 17 1582 t
68 1467 186 1558 triplex
210 1474 279 1538 est:
305 1473 484 1552 extrema,
510 1465 643 1554 gravis,
669 1465 866 1534 communis
890 1467 949 1554 (l).
976 1471 1162 1552 Extrema,
1187 1486 1248 1536 seu
1271 1469 1402 1558 gravis·

12 1583 18 1660 t
66 1576 165 1659 sima,
193 1583 230 1645 et
252 1575 367 1664 gravis
401 1595 472 1644 non
502 1573 759 1663 intelliguntur,
792 1573 858 1642 nisi
889 1571 1043 1642 instante
1075 1573 1197 1644 mortis
1227 1575 1399 1665 periculo:

12 1685 15 1780 ζ
67 1681 175 1773 itaque
187 1687 347 1750 extremm
359 1701 400 1750 ea
416 1687 480 1764 cst,
498 1698 566 1771 qua
583 1678 772 1748 moriturus
787 1679 1014 1762 nullatenus,·
1032 1680 1159 1768 gravis,
1176 1701 1245 1771 qua
1262 1681 1402 1772 difficile

12 1827 18 1870 ·
66 1789 187 1878 poterit
209 1808 247 1857 se
270 1788 429 1871 liberare,
454 1783 568 1855 alieno
590 1783 722 1854 auxilio
736 1783 922 1854 destitutus
941 1786 1001 1872 (2).
1028 1787 1087 1855 llla
1104 1787 1263 1856 laborant
1277 1787 1399 1875 adulti,

12 1885 16 2002 t
65 1897 117 1987 qui
139 1894 305 1964 nesciunt
327 1893 463 1978 elicere,
489 1893 554 1962 bac
576 1889 635 1984 qui
660 1891 931 1982 probabilissime
955 1912 1026 1962 non
1051 1893 1203 1978 elicient,
1222 1893 1259 1962 in
1278 1915 1318 1964 eo
1334 1893 1402 1964 dis·

12 2003 15 2110 ζ
66 2001 219 2088 crimine,
246 2001 420 2092 perlectae
443 1997 676 2084 contritionis,
709 1999 765 2068 vel
780 1997 936 2068 caritatis
949 2005 1067 2069 actum
1087 2001 1146 2088 (3).
1166 2001 1307 2093 Utrique
1323 2003 1401 2072 sub

12 2121 14 2214 ξ
68 2107 202 2177 venitur
225 2105 526 2179 administratione
549 2109 868 2176 sacramentomm:
895 2111 931 2174 et
957 2111 1155 2192 extremae,
1182 2105 1397 2195 regulariter,

12 2227 18 2346 p
67 2213 338 2284 subveniendum
362 2220 415 2282 est
437 2211 544 2282 etiam
568 2233 648 2281 cum
666 2211 818 2301 periculo
836 2213 930 2282 vitae
949 2214 1009 2300 (b);
1028 2212 1137 2300 gravi,
1157 2213 1285 2298 verius,
1303 2214 1401 2283 dum·

12 2349 17 2412 f
67 2327 157 2391 taxat
178 2341 261 2390 cum
286 2320 507 2390 incommodo
527 2317 624 2410 gravi
644 2321 707 2407 (b):
727 2339 851 2408 nempe
875 2317 904 2387 si
927 2317 1136 2404 constiterit,
1155 2319 1261 2390 alium
1279 2320 1397 2390 deesse

11 2413 15 2510 t
69 2427 118 2516 qui
140 2429 217 2498 sive
241 2426 326 2510 illis,
352 2425 427 2496 sive
450 2424 504 2496 his
527 2445 627 2516 opem
652 2423 760 2512 ierat;
793 2431 829 2493 et
856 2443 939 2494 vere
970 2424 1154 2514 probabilis
1181 2445 1258 2516 spes
1281 2427 1401 2497 salutis

11 2519 14 2608 ἱ
69 2555 178 2606 eorum
203 2539 379 2626 appareat.
406 2533 573 2625 benique,
592 2529 789 2602 communis
807 2531 995 2602 necessitas
1010 2532 1084 2601 eius
1103 2531 1319 2622 intelligitur,
1338 2537 1396 2626 qui

11 2639 14 2716 ἶ
69 2650 122 2711 ant
142 2631 315 2732 peccabit,
340 2647 402 2710 aut
425 2645 630 2730 peccaturus
653 2645 706 2708 cst
727 2637 877 2706 letaliter
902 2639 961 2728 (b),
991 2639 1152 2730 quamvis
1176 2641 1403 2712 materialiter

68 2753 199 2818 tantum
219 2749 279 2836 (7).
305 2746 394 2816 lluic
417 2752 536 2815 autem
559 2741 765 2814 subvenitur
787 2765 868 2814 eum
900 2745 1115 2833 corrigendo,
1146 2753 1207 2814 aut
1230 2748 1397 2835 docendo,

11 2863 13 2932 ῑ
69 2860 122 2922 aut
149 2852 379 2944 prohibendo:
414 2852 564 2936 scilicet,
590 2851 617 2920 si
643 2851 728 2920 baec
757 2848 832 2919 lieri
862 2850 995 2939 possint
1024 2850 1110 2922 citra
1139 2849 1400 2924 incommodum

11 2951 13 3070 j
69 2980 177 3048 grave.

11 3075 15 3106 l

11 3127 14 3240 ἱ
123 3157 166 3240 (1)
186 3161 223 3220 D.
240 3161 311 3232 Th„
327 3161 359 3219 in
374 3159 405 3230 3,
426 3159 508 3217 Dist.
530 3157 581 3228 30,
607 3157 642 3223 Q.
671 3155 699 3228 1,
757 3237 762 3248 Ι
789 3233 795 3248 .
814 3151 861 3234 (5)
875 3153 972 3230 Lago,
990 3155 1036 3215 De
1051 3155 1192 3248 Ροθηρίς,
1213 3157 1314 3228 XXII,
1341 3157 1397 3230 12;

11 3273 17 3406 ,Ι
69 3239 285 3398 mialfssusso,
303 3320 349 3380 ne
363 3319 506 3388 romu„
520 3317 622 3388 xxn.
642 3315 699 3388 lo;
754 3235 953 3386 ffssitfflr'o’
967 3233 1400 3391 ξῖνῗῖἷὶιῗῗῖἷῗιῗὶιῗιῗῃέἷφῖἷ

11 3409 13 3464 ἶ
69 3399 312 3475 croix,11,176.
337 3401 374 3458 V.
393 3400 494 3469 Suam,
518 3398 564 3458 De
587 3397 703 3464 Coria,
755 3411 843 3464 rum,
865 3395 1038 3455 conabere
1060 3396 1143 3455 alios
1165 3413 1186 3454 a
1205 3400 1360 3472 peccatis,
1375 3416 1396 3456 a

11 3481 13 3542 ξ
69 3480 122 3552 lx,
133 3481 162 3553 2,
178 3481 207 3540 3.
756 3475 1029 3552 quibusposount
1052 3476 1192 3535 liberare
1213 3495 1247 3536 se
1264 3493 1325 3553 per
1352 3496 1400 3538 se·

11 3551 13 3624 ἱ
124 3561 166 3642 (3)
185 3563 318 3632 Bonna,
343 3562 398 3620 To.
422 3559 470 3632 ΙΙ,
493 3559 579 3634 Disp.
601 3555 632 3629 3,
656 3557 703 3618 De
756 3559 853 3633 ipsos,
868 3563 930 3614 out
946 3574 1006 3632 per
1024 3559 1265 3632 poenitentiam
1279 3558 1327 3636 (S.
1345 3558 1401 3618 Al·

11 3663 12 3716 j
71 3639 149 3700 Tert.
163 3641 238 3702 Dee.
255 3639 512 3716 praesepem,
526 3638 563 3698 P.
581 3640 611 3710 l,
623 3658 652 3699 n.
671 3639 700 3697 l.
756 3637 860 3712 phoa,
876 3635 917 3708 ΙΙ,
934 3635 984 3706 27,
1002 3654 1033 3695 v.
1053 3633 1251 3714 Quaenam).
1273 3637 1397 3696 Nihilo·

11 3751 13 3790 ,
69 3719 199 3781 Infantes
230 3740 288 3780 non
324 3720 499 3797 baptizatos
533 3718 701 3796 praeterii,
756 3717 867 3787 minus,
891 3718 999 3792 gravis
1021 3717 1191 3776 necessitas
1213 3717 1396 3787 communis,

11 3797 15 3872 ,l
71 3800 172 3880 quippe
199 3801 371 3862 infidelium
394 3798 471 3859 liliis
492 3800 566 3869 vix,
591 3803 703 3858 antae
756 3801 829 3872 puta
850 3797 1009 3856 saeviente
1032 3795 1158 3854 cholera
1179 3797 1319 3866 morbus,
1344 3813 1397 3854 ex·

11 3897 13 3960 t
71 3881 121 3940 rix
140 3881 279 3958 quidem,
302 3881 473 3957 baptismus
496 3877 630 3938 conferri
653 3897 703 3955 po·
756 3882 875 3934 tremas
890 3881 1105 3952 comparatum
1121 3874 1335 3950 quiavixfieri
1348 3893 1400 3952 po·

11 3965 13 4022 l
70 3966 127 4022 tat
139 3963 204 4020 sine
216 3960 461 4040 perturbatione,
473 3959 525 4017 vel
537 3957 703 4017 offensione
756 3959 837 4026 test,
861 3959 895 4014 ut
917 3955 1032 4032 aliquis
1054 3973 1111 4013 non
1130 3960 1275 4014 versetur
1295 3955 1327 4012 in
1349 3974 1399 4014 ne·

11 4055 12 4066 t
70 4041 333 4114 parentum3filiis
348 4039 484 4098 fidelium
497 4037 635 4116 pericula
649 4038 703 4096 hu·
756 4036 904 4096 cessitate
926 4035 1114 4113 gravissima
1135 4035 1275 4114 (Loryma
1299 4035 1397 4111 Lago,

11 4097 13 4224 ἐ
71 4119 192 4180 immadi
207 4139 300 4198 quam
314 4119 477 4180 rarissime
492 4123 668 4178 occurrunt.
757 4133 786 4174 n.
806 4113 854 4254 a}
872 4115 985 4256 Sosim,
1003 4133 1040 4253 rh
1050 4111 1129 4254 312ὲ.5

11 4291 13 4364 j
69 4277 95 4350 2,
109 4199 245 4354 2826&
260 4197 701 4357 ssisfflbiitypiblrlllibsstebberiligt:
830 4191 863 4358 73
877 4214 925 4334 ΙΙ.Γ
927 4213 1067 4351 3331.ss
1083 4238 1150 4334 1733.
1160 4275 1278 4350 Nempe
1293 4291 1400 4368 qaan-

11 4365 14 4440 ξ
69 4361 160 4422 vitam
181 4369 268 4426 tuam
290 4362 470 4420 conservari
492 4360 553 4442 (Ex
574 4361 611 4418 D.
628 4359 700 4431 Tb„
757 4357 797 4416 do
813 4373 986 4417 versamur
1001 4358 1036 4413 in
1054 4357 1127 4414 iure
1143 4362 1227 4414 certo
1243 4361 1275 4414 et
1288 4371 1396 4413 mont·

11 4443 14 4502 l
69 4439 102 4512 2,
130 4443 166 4514 2,
198 4441 276 4514 185,
305 4437 358 4518 5);
388 4446 442 4500 aut
470 4457 602 4514 nequeas
631 4438 704 4496 huie
757 4439 855 4512 sesto:
882 4452 964 4506 nam,
984 4435 1011 4494 si
1034 4433 1399 4494 incertaautdubialex

11 4513 13 4590 ξ
69 4523 225 4583 subvenire
239 4524 307 4582 sine
322 4521 474 4598 proximo,
490 4527 522 4581 et
543 4537 617 4596 pene
639 4536 705 4576 cer·
757 4519 817 4590 est,
840 4518 893 4594 qui
914 4533 972 4573 non
997 4521 1121 4575 tenetur
1135 4513 1211 4574 haec
1225 4513 1330 4576 vitare
1344 4517 1400 4572 sui

69 4607 108 4672 to,
129 4603 272 4680 peccandi
296 4601 433 4680 periculo
447 4601 575 4682 (Salm,
597 4597 648 4668 21,
671 4598 701 4669 6,
758 4600 864 4672 apcius
879 4611 982 4666 causa,
999 4613 1054 4655 nec
1072 4598 1216 4656 aliorum
1239 4609 1332 4653 causa
1352 4599 1400 4654 te·

11 4669 13 4770 ζ
69 4680 106 4741 29
123 4681 209 4763 ete).
759 4679 893 4738 nebitur.

11 4963 13 4986 l

11 5011 13 5028 t
