3404 5134
292 197 336 269 86
383 223 474 269 ussa
487 223 534 268 111.
544 237 567 254 ·
579 224 695 270 rnaur.
711 225 745 272 n.
760 213 852 270 Ι-τίτ,
868 227 890 271 1.
907 227 946 284 nn
961 197 1071 288 ussus,
1083 227 1121 270 rr
1135 226 1174 270 uu
1187 223 1313 280 aeonia.
1329 225 1403 271 nse.
1418 223 1543 270 boumn
1670 203 1674 290 f

178 343 186 348 ·
296 321 605 410 existimationem,
631 329 667 394 ct
690 345 745 394 res
766 341 855 417 quae
876 326 915 396 in
939 323 1094 396 dominio
1117 330 1236 396 nostro
1260 329 1354 412 sunt,
1380 325 1622 417 pertinettotaq
1673 359 1674 362 ¹

191 453 195 462 ’
230 517 238 528 ,γ
296 432 372 502 ideo
396 433 547 522 primum
571 451 672 502 nosse
695 439 832 522 oportet
853 433 935 530 quid
958 431 1030 503 sint
1052 453 1106 502 res
1131 433 1226 525 (quid
1248 432 1472 519 existimatio,
1502 432 1625 503 dictum
1672 453 1674 462 ’

119 595 139 640 ,Δ
227 587 252 600 a.
295 543 348 608 est
371 536 472 624 alibi3
494 539 596 624 Prol,
619 545 638 620 5
658 539 748 628 iil),
775 545 850 609 tum
874 539 915 608 de
939 539 1148 631 acquirendo
1172 559 1288 610 rerum
1312 538 1478 608 dominio.
1506 539 1626 613 Deinde
1672 599 1674 604 .

188 676 191 684 Δ
293 665 347 732 ea,
373 663 461 738 quae
485 645 665 736 utriusque
690 645 921 715 restitutionis
943 645 1145 716 communia
1168 650 1262 731 sunt,
1288 645 1453 736 dispicere
1484 651 1623 737 oportet.

296 759 376 824 Post
400 755 498 838 baec,
524 751 675 842 singulas
699 751 958 824 restitutionum
982 751 1114 842 species
1137 751 1364 822 versabimus
1392 761 1434 822 ut
1457 757 1626 845 bucusque

209 853 211 860 '
295 861 337 931 de
361 861 420 929 bis
437 857 581 943 iuribus,
605 879 694 949 quae
718 859 879 930 omnibus
902 864 1118 950 competunt,
1142 879 1203 928 seu
1227 865 1365 944 natura,
1390 879 1451 929 seu
1475 863 1561 949 lege.
1586 861 1628 929 ld
1673 883 1674 920 1

297 968 396 1054 haec,
421 971 504 1035 sunt
526 966 729 1058 plerumque
752 966 877 1036 etalio
900 965 1044 1057 singulis
1067 968 1223 1059 quaesita
1246 988 1291 1036 ex
1314 967 1446 1038 ultimis
1468 969 1628 1038 decedeu-
1672 1017 1674 1062 ÷

297 1072 387 1144 tium
411 1071 662 1160 voluntatibus,
687 1093 732 1142 ex
755 1073 866 1163 pactis
888 1073 1085 1160 conventis
1111 1095 1156 1143 ex
1180 1072 1300 1143 ciliciis
1322 1073 1366 1142 ab
1393 1073 1469 1144 aliis
1500 1081 1629 1144 uicum
1672 1063 1674 1142 Ι

295 1200 362 1271 quc
385 1177 571 1270 susceptis:
597 1179 800 1270 exquibus,
824 1179 922 1272 quasi
946 1179 1169 1265 econtrario,
1187 1180 1413 1269 obligationes
1428 1187 1627 1270 nascuntur;
1672 1169 1674 1256 ἔ

295 1304 381 1376 quas
404 1283 536 1354 iustitia
560 1305 699 1354 servare
723 1284 820 1354 iubet
838 1287 919 1375 (51).
947 1292 995 1356 De
1011 1286 1064 1356 his
1080 1286 1240 1356 omnibus
1256 1285 1372 1376 igitur,
1391 1287 1539 1356 favente
1556 1293 1627 1374 ileo,
1671 1275 1674 1360 l

296 1392 470 1480 agendum
492 1390 571 1477 erit,
596 1391 715 1481 paucis
737 1391 889 1484 quidem,
906 1393 995 1486 'quia
1019 1400 1140 1483 patent
1163 1393 1340 1480 latissime,
1358 1394 1509 1464 sednon
1529 1396 1630 1466 obiter
1670 1361 1674 1468 i

296 1517 454 1588 prorsus;
480 1503 564 1567 'sunt
585 1497 680 1568 enim
707 1499 925 1590 quotidiana,
958 1507 994 1570 et
1024 1499 1113 1569 scitu
1143 1521 1249 1592 quam
1279 1502 1454 1588 maxime,
1488 1509 1527 1572 et
1558 1523 1629 1593 prae
1671 1487 1674 1538 ⁴

299 1603 462 1673 omnibus
485 1603 696 1692 neeessaria;
723 1611 759 1674 et
781 1627 862 1695 prae
886 1607 1048 1678 omnibus
1075 1607 1194 1676 ardua.
1225 1613 1320 1691 Quae
1343 1629 1424 1677 eum
1448 1608 1572 1698 primis
1592 1629 1629 1678 er

299 1709 373 1779 iure
397 1709 492 1780 civili
516 1710 730 1800 expedienda
754 1719 869 1797 erunt,
888 1713 957 1800 cui,
975 1713 1163 1784 dummodo
1182 1713 1226 1783 sit
1242 1714 1485 1800 manifestum,
1503 1722 1628 1786 certum

297 1823 351 1886 est
372 1817 572 1905 adhaerere,
598 1817 712 1888 missis
734 1819 923 1890 cerebrosis
946 1821 1193 1890 nonnullorum
1209 1827 1272 1891 ΤΤ.
1290 1821 1489 1908 sententiis,
1514 1821 1573 1914 qui
1593 1821 1630 1891 ab

127 1981 130 1988 .
220 1927 221 1932 ’
298 1943 339 1992 eo
363 1923 564 1994 recedentes
593 1923 712 1995 omnia
734 1923 867 2017 {susque
895 1927 1005 2019 deque
1038 1934 1232 1998 verterunt.
1266 1934 1331 2014 Eo,
1361 1928 1528 2020 inquam,
1564 1930 1629 2000 iure

297 2014 388 2120 quod
406 2051 501 2100 nunc
516 2031 612 2120 viget
627 2032 743 2120 (Prol,
763 2040 782 2113 ,ξ
800 2033 877 2117 aot,
892 2055 927 2101 n.
950 2033 1017 2121 n),
1036 2039 1072 2101 et
1093 2053 1161 2124 qua
1177 2033 1259 2103 huic
1275 2033 1342 2102 iuri
1358 2036 1579 2105 conveniunt
1591 2055 1628 2105 er

297 2135 351 2206 bis
374 2141 453 2224 Tr„
479 2143 616 2227 praeter
638 2141 671 2207 S.
704 2138 930 2226 dlpbonsum,
956 2138 1014 2231 qui
1039 2139 1124 2208 iuris
1147 2138 1261 2210 civilis
1283 2139 1406 2231 peritia
1433 2147 1625 2228 censentru;

296 2244 586 2335 utputallolina,
613 2248 705 2330 Soto,
732 2243 934 2336 vasquezio,
961 2251 1111 2333 Lugone,
1142 2245 1269 2332 Lessio,
1293 2247 1434 2336 litorio,
1468 2248 1626 2332 Sanebez,
1671 2247 1674 2380 ἰ

298 2357 514 2442 Laymanno,
541 2351 741 2441 Reginaldo,
767 2351 909 2444 aliisque
932 2353 1050 2443 paucis
1076 2355 1158 2442 (ta).
1672 2387 1674 2474 q

771 2583 1087 2680 TITULUS
1121 2585 1159 2678 Ι.

393 2768 459 2840 De
483 2767 657 2848 Rebus,
681 2768 809 2838 etde
833 2767 1123 2858 acquirendo
1146 2785 1305 2838 rerum
1327 2768 1539 2840 dominio

900 2967 1033 2975 ——--——-

858 3108 1022 3175 CAPUT
1046 3109 1071 3173 l.

586 3272 625 3316 bs
650 3271 761 3334 nebim,
788 3273 827 3318 DE
852 3271 992 3334 bonlrtlo,
1018 3271 1056 3316 tta
1081 3271 1120 3316 ult
1149 3269 1346 3316 POSSESSIONE

794 3398 875 3462 dar.
902 3399 927 3462 1.
956 3393 1140 3462 Daredda.

360 3545 433 3614 105.
460 3549 527 3613 Res
550 3543 627 3614 heic
650 3543 795 3614 dicitur:
826 3543 1002 3634 Quidquid
1024 3547 1098 3614 eius
1121 3552 1169 3613 cot
1199 3553 1371 3628 naturae,
1404 3551 1443 3611 ut
1472 3545 1513 3610 in
1541 3539 1626 3610 bonit
1673 3569 1674 3626 i

296 3673 366 3722 esse
384 3655 490 3740 possit
508 3652 568 3739 (l).
596 3656 647 3720 lix
670 3649 736 3736 his,
762 3670 850 3742 quae
874 3649 1031 3720 sensibus
1054 3649 1306 3740 percipiuntur,
1325 3654 1364 3716 ut
1387 3648 1524 3734 domus,
1549 3643 1623 3735 agri,

296 3758 496 3846 corporales
503 3787 516 3841 ,·
540 3778 629 3848 quae
652 3756 843 3844 intellecto,
869 3762 908 3826 ut
930 3757 1075 3827 nomina
1099 3754 1309 3826 creditorum
1340 3753 1512 3844 (credita),
1529 3747 1624 3824 servi·
1672 3753 1674 3820 i

296 3871 390 3936 tutes
412 3865 645 3956 praediorum,
670 3865 875 3955 hypotecae,
900 3864 1151 3952 incorporales,
1177 3882 1238 3932 seu
1262 3861 1376 3952 potius
1398 3865 1484 3930 iuro
1501 3858 1625 3951 proprio

307 4046 312 4057 ,
356 4023 421 4103 (31)
441 4025 518 4084 Dixi
532 4042 572 4084 ex
588 4023 696 4083 officiis
710 4023 803 4084 baud
816 4025 941 4098 pratoi-
995 4021 1181 4082 recesserint
1203 4023 1275 4082 NN.
1299 4022 1377 4094 Lu„
1394 4039 1432 4080 ne
1446 4021 1625 4080 auctoritaie

298 4112 337 4173 to,
352 4109 426 4176 etc,
443 4123 514 4164 nam
533 4121 572 4164 cx
594 4104 655 4176 his,
673 4119 750 4179 quae
770 4103 871 4180 gratis
890 4104 940 4162 ob·
995 4101 1120 4162 illorum
1142 4101 1350 4178 decipiamur,
1373 4101 1478 4161 sedulo
1499 4096 1624 4159 animad-

297 4184 388 4254 imus,
412 4185 554 4244 iustitiae
569 4182 790 4260 obligationem
806 4201 864 4241 non
879 4183 941 4242 ori·
994 4182 1176 4242 vertendum
1198 4187 1247 4242 cst
1266 4181 1402 4257 quando,
1426 4189 1459 4240 et
1478 4191 1622 4256 quorsum,

296 4264 337 4334 ri,
354 4265 408 4322 aut
422 4265 527 4323 verius
548 4268 608 4335 est,
632 4267 687 4322 aut
706 4264 834 4338 aequius
855 4268 940 4323 certe
994 4263 1053 4322 hee
1067 4279 1086 4320 a
1101 4263 1249 4322 Romanis
1272 4261 1392 4339 legibus
1406 4262 1588 4336 discrepent.
1672 4337 1674 4344 Α

298 4342 350 4424 (V.
378 4343 410 4402 S.
438 4343 546 4419 Alpa„
571 4343 612 4416 11,
636 4342 699 4421 40).
1053 4339 1099 4423 (1)
1113 4343 1161 4402 Ex
1172 4343 1237 4401 LL.
1251 4341 1281 4415 5,
1292 4343 1343 4413 23,
1357 4341 1404 4402 De
1422 4341 1457 4400 V.
1470 4337 1624 4403 S.·Possit;
1672 4373 1674 4378 ,

356 4421 422 4502 (32)
444 4421 515 4485 Qua
537 4426 597 4483 etc.
624 4423 704 4483 Nam
729 4427 853 4483 veteres
874 4423 936 4484 ΤΤ.
991 4439 1065 4480 nam
1087 4430 1255 4498 quaesunt
1273 4433 1371 4491 sous,
1391 4420 1545 4491 dicuutur,
1561 4431 1623 4492 qus·

297 4519 404 4564 omnes
419 4503 651 4564 etGanonistae
666 4503 885 4564 haocversaut
900 4520 940 4562 ex
993 4519 1061 4561 rum
1097 4500 1287 4562 universitas
1322 4501 1439 4562 dicitur
1470 4502 1619 4576 patrimo·

171 4603 176 4610 ·
295 4585 365 4645 iure
380 4583 543 4642 communi.
562 4585 587 4642 A
603 4599 661 4657 quo
677 4599 744 4642 eum
759 4583 790 4642 in
801 4582 940 4659 pluribus
994 4585 1103 4653 nc'um,
1113 4584 1261 4659 pecunia
1277 4581 1354 4662 (LL.
1372 4581 1401 4655 5,
1420 4579 1489 4655 178,
1501 4580 1569 4650 222,
1583 4574 1622 4635 Da
