<?xml version="1.0" encoding="UTF-8"?>
<!DOCTYPE html PUBLIC "-//W3C//DTD XHTML 1.0 Transitional//EN"
    "http://www.w3.org/TR/xhtml1/DTD/xhtml1-transitional.dtd">
<html xmlns="http://www.w3.org/1999/xhtml" xml:lang="en" lang="en">
 <head>
  <title>
</title>
<meta http-equiv="Content-Type" content="text/html;charset=utf-8" />
  <meta name='ocr-system' content='tesseract 3.04.00' />
  <meta name='ocr-capabilities' content='ocr_page ocr_carea ocr_par ocr_line ocrx_word'/>
</head>
<body>
  <div class='ocr_page' id='page_1' title='image "./summulatheologi01annigoog_0032.png"; bbox 0 0 3404 5134; ppageno 0'>
   <div class='ocr_carea' id='block_1_1' title="bbox 213 212 1518 282">
    <p class='ocr_par' dir='ltr' id='par_1_1' title="bbox 213 212 1518 282">
     <span class='ocr_line' id='line_1_1' title="bbox 213 212 1518 282; baseline -0.009 0"><span class='ocrx_word' id='word_1_1' title='bbox 213 252 214 259; x_wconf 56' lang='lat'>¹</span> <span class='ocrx_word' id='word_1_2' title='bbox 268 212 311 282; x_wconf 70' lang='lat'><strong>28</strong></span> <span class='ocrx_word' id='word_1_3' title='bbox 369 234 459 280; x_wconf 77' lang='lat' dir='ltr'>LIBER</span> <span class='ocrx_word' id='word_1_4' title='bbox 483 234 504 278; x_wconf 91' lang='lat'><strong>1.</strong></span> <span class='ocrx_word' id='word_1_5' title='bbox 524 249 546 261; x_wconf 85' lang='lat'>-</span> <span class='ocrx_word' id='word_1_6' title='bbox 562 233 678 278; x_wconf 79' lang='lat' dir='ltr'><strong>TRACT.</strong></span> <span class='ocrx_word' id='word_1_7' title='bbox 708 233 740 278; x_wconf 76' lang='lat' dir='ltr'><strong>ii·</strong></span> <span class='ocrx_word' id='word_1_8' title='bbox 760 233 801 277; x_wconf 82' lang='lat' dir='ltr'><strong>DE</strong></span> <span class='ocrx_word' id='word_1_9' title='bbox 827 231 960 278; x_wconf 79' lang='lat' dir='ltr'>VIRTUTE</span> <span class='ocrx_word' id='word_1_10' title='bbox 977 230 1148 278; x_wconf 73' lang='lat' dir='ltr'><strong>nstlston&#39;ls</strong></span> <span class='ocrx_word' id='word_1_11' title='bbox 1171 231 1209 274; x_wconf 79' lang='grc' dir='ltr'><strong>ΕΤ</strong></span> <span class='ocrx_word' id='word_1_12' title='bbox 1235 229 1327 275; x_wconf 82' lang='lat' dir='ltr'><strong>virus</strong></span> <span class='ocrx_word' id='word_1_13' title='bbox 1349 225 1518 274; x_wconf 78' lang='lat' dir='ltr'><strong>cerostrts</strong></span> 
     </span>
    </p>
   </div>
   <div class='ocr_carea' id='block_1_2' title="bbox 267 327 1630 633">
    <p class='ocr_par' dir='ltr' id='par_1_2' title="bbox 267 327 1630 633">
     <span class='ocr_line' id='line_1_2' title="bbox 267 327 1630 426; baseline -0.008 -19"><span class='ocrx_word' id='word_1_14' title='bbox 267 356 309 408; x_wconf 88' lang='lat' dir='ltr'><strong>ea</strong></span> <span class='ocrx_word' id='word_1_15' title='bbox 333 355 507 425; x_wconf 81' lang='lat' dir='ltr'>promere,</span> <span class='ocrx_word' id='word_1_16' title='bbox 533 355 621 426; x_wconf 71' lang='lat' dir='ltr'><strong>(puae</strong></span> <span class='ocrx_word' id='word_1_17' title='bbox 647 351 828 424; x_wconf 90' lang='lat' dir='ltr'><strong>nunquam</strong></span> <span class='ocrx_word' id='word_1_18' title='bbox 852 331 1009 404; x_wconf 84' lang='lat' dir='ltr'><strong>didicisse</strong></span> <span class='ocrx_word' id='word_1_19' title='bbox 1063 336 1199 421; x_wconf 87' lang='lat' dir='ltr'><strong>pparet,</strong></span> <span class='ocrx_word' id='word_1_20' title='bbox 1234 351 1304 399; x_wconf 94' lang='lat' dir='ltr'><strong>non</strong></span> <span class='ocrx_word' id='word_1_21' title='bbox 1333 327 1423 398; x_wconf 86' lang='lat' dir='ltr'><strong>illico</strong></span> <span class='ocrx_word' id='word_1_22' title='bbox 1458 347 1630 418; x_wconf 92' lang='lat' dir='ltr'><strong>pronun-</strong></span> 
     </span>
     <span class='ocr_line' id='line_1_3' title="bbox 269 435 1630 527; baseline -0.006 -20"><span class='ocrx_word' id='word_1_23' title='bbox 269 439 432 509; x_wconf 87' lang='lat' dir='ltr'><strong>ciandum</strong></span> <span class='ocrx_word' id='word_1_24' title='bbox 455 445 520 524; x_wconf 87' lang='lat' dir='ltr'><strong>est,</strong></span> <span class='ocrx_word' id='word_1_25' title='bbox 547 440 612 510; x_wconf 89' lang='lat' dir='ltr'><strong>boe</strong></span> <span class='ocrx_word' id='word_1_26' title='bbox 636 439 901 508; x_wconf 87' lang='lat' dir='ltr'><strong>daemoniacum</strong></span> <span class='ocrx_word' id='word_1_27' title='bbox 924 457 1014 506; x_wconf 89' lang='lat' dir='ltr'><strong>esse:</strong></span> <span class='ocrx_word' id='word_1_28' title='bbox 1041 458 1064 505; x_wconf 96' lang='lat' dir='ltr'><strong>n</strong></span> <span class='ocrx_word' id='word_1_29' title='bbox 1089 458 1123 506; x_wconf 94' lang='lat' dir='ltr'><strong>m</strong></span> <span class='ocrx_word' id='word_1_30' title='bbox 1140 435 1199 527; x_wconf 89' lang='lat' dir='ltr'><strong>qui</strong></span> <span class='ocrx_word' id='word_1_31' title='bbox 1216 435 1335 506; x_wconf 92' lang='lat' dir='ltr'><strong>morbo</strong></span> <span class='ocrx_word' id='word_1_32' title='bbox 1356 441 1417 503; x_wconf 87' lang='lat' dir='ltr'><strong>aut</strong></span> <span class='ocrx_word' id='word_1_33' title='bbox 1432 451 1630 503; x_wconf 87' lang='lat' dir='ltr'><strong>somnam·</strong></span> 
     </span>
     <span class='ocr_line' id='line_1_4' title="bbox 268 542 1530 633; baseline -0.003 -19"><span class='ocrx_word' id='word_1_34' title='bbox 268 546 427 633; x_wconf 89' lang='lat' dir='ltr'><strong>butismo,</strong></span> <span class='ocrx_word' id='word_1_35' title='bbox 453 553 513 616; x_wconf 85' lang='lat' dir='ltr'><strong>aut</strong></span> <span class='ocrx_word' id='word_1_36' title='bbox 535 545 711 616; x_wconf 82' lang='lat' dir='ltr'><strong>dementia</strong></span> <span class='ocrx_word' id='word_1_37' title='bbox 736 545 905 633; x_wconf 83' lang='lat' dir='ltr'><strong>laborant,</strong></span> <span class='ocrx_word' id='word_1_38' title='bbox 933 564 1003 614; x_wconf 96' lang='lat' dir='ltr'><strong>non</strong></span> <span class='ocrx_word' id='word_1_39' title='bbox 1028 564 1105 613; x_wconf 88' lang='lat' dir='ltr'><strong>raro</strong></span> <span class='ocrx_word' id='word_1_40' title='bbox 1129 543 1215 613; x_wconf 88' lang='lat' dir='ltr'><strong>haec</strong></span> <span class='ocrx_word' id='word_1_41' title='bbox 1239 548 1417 632; x_wconf 79' lang='lat' dir='ltr'><strong>praestant</strong></span> <span class='ocrx_word' id='word_1_42' title='bbox 1434 542 1530 630; x_wconf 68' lang='grc'>(49).</span> 
     </span>
    </p>
   </div>
   <div class='ocr_carea' id='block_1_3' title="bbox 752 811 1050 876">
    <p class='ocr_par' dir='ltr' id='par_1_3' title="bbox 752 811 1050 876">
     <span class='ocr_line' id='line_1_5' title="bbox 752 811 1050 876; baseline 0 0"><span class='ocrx_word' id='word_1_43' title='bbox 752 833 760 844; x_wconf 87' lang='grc'><strong><em>·</em></strong></span> <span class='ocrx_word' id='word_1_44' title='bbox 836 811 1050 876; x_wconf 76' lang='grc' dir='ltr'><strong>ΑΡΡΕΝΒΙΧ</strong></span> 
     </span>
    </p>
   </div>
   <div class='ocr_carea' id='block_1_4' title="bbox 544 983 1335 1036">
    <p class='ocr_par' dir='ltr' id='par_1_4' title="bbox 544 983 1335 1036">
     <span class='ocr_line' id='line_1_6' title="bbox 544 983 1335 1036; baseline -0.004 -2"><span class='ocrx_word' id='word_1_45' title='bbox 544 989 583 1034; x_wconf 81' lang='lat' dir='ltr'><strong>be</strong></span> <span class='ocrx_word' id='word_1_46' title='bbox 607 988 789 1036; x_wconf 76' lang='lat' dir='ltr'><strong>rosionibus</strong></span> <span class='ocrx_word' id='word_1_47' title='bbox 813 983 887 1035; x_wconf 74' lang='lat' dir='ltr'><strong>aevi</strong></span> <span class='ocrx_word' id='word_1_48' title='bbox 911 989 1020 1034; x_wconf 78' lang='lat' dir='ltr'>NOSTRI</span> <span class='ocrx_word' id='word_1_49' title='bbox 1044 987 1335 1034; x_wconf 69' lang='lat' dir='ltr'><strong>sursssttricrtrsus</strong></span> 
     </span>
    </p>
   </div>
   <div class='ocr_carea' id='block_1_5' title="bbox 268 1125 1631 1534">
    <p class='ocr_par' dir='ltr' id='par_1_5' title="bbox 268 1125 1631 1534">
     <span class='ocr_line' id='line_1_7' title="bbox 330 1125 1631 1219; baseline -0.005 -21"><span class='ocrx_word' id='word_1_50' title='bbox 330 1133 410 1198; x_wconf 90' lang='lat' dir='ltr'><strong>Tres</strong></span> <span class='ocrx_word' id='word_1_51' title='bbox 433 1135 515 1198; x_wconf 90' lang='lat' dir='ltr'><strong>sunt</strong></span> <span class='ocrx_word' id='word_1_52' title='bbox 538 1130 721 1219; x_wconf 76' lang='lat' dir='ltr'><strong>praecipue</strong></span> <span class='ocrx_word' id='word_1_53' title='bbox 746 1128 848 1199; x_wconf 89' lang='lat' dir='ltr'><strong>buius</strong></span> <span class='ocrx_word' id='word_1_54' title='bbox 871 1127 949 1198; x_wconf 80' lang='lat' dir='ltr'><strong>aeri</strong></span> <span class='ocrx_word' id='word_1_55' title='bbox 982 1127 1090 1197; x_wconf 91' lang='lat' dir='ltr'><strong>nostri</strong></span> <span class='ocrx_word' id='word_1_56' title='bbox 1120 1125 1403 1218; x_wconf 76' lang='lat' dir='ltr'><strong>superstitiones:</strong></span> <span class='ocrx_word' id='word_1_57' title='bbox 1437 1125 1631 1212; x_wconf 65' lang='lat' dir='ltr'><strong>tiraq-neti·</strong></span> 
     </span>
     <span class='ocr_line' id='line_1_8' title="bbox 268 1235 1631 1328; baseline -0.004 -23"><span class='ocrx_word' id='word_1_58' title='bbox 268 1256 366 1305; x_wconf 77' lang='lat' dir='ltr'><strong>surus</strong></span> <span class='ocrx_word' id='word_1_59' title='bbox 390 1237 560 1306; x_wconf 81' lang='lat' dir='ltr'><strong>animatis</strong></span> <span class='ocrx_word' id='word_1_60' title='bbox 583 1257 644 1306; x_wconf 87' lang='lat' dir='ltr'><strong>seu</strong></span> <span class='ocrx_word' id='word_1_61' title='bbox 669 1236 921 1328; x_wconf 66' lang='lat' dir='ltr'><strong>bypnotiunns</strong></span> <span class='ocrx_word' id='word_1_62' title='bbox 949 1235 1090 1304; x_wconf 82' lang='lat' dir='ltr'><strong>tabulae</strong></span> <span class='ocrx_word' id='word_1_63' title='bbox 1111 1243 1218 1303; x_wconf 85' lang='lat' dir='ltr'><strong>semet</strong></span> <span class='ocrx_word' id='word_1_64' title='bbox 1240 1242 1422 1320; x_wconf 71' lang='lat' dir='ltr'><strong>incoeptos,</strong></span> <span class='ocrx_word' id='word_1_65' title='bbox 1448 1239 1490 1300; x_wconf 88' lang='lat' dir='ltr'><strong>et</strong></span> <span class='ocrx_word' id='word_1_66' title='bbox 1515 1235 1631 1322; x_wconf 80' lang='lat' dir='ltr'><strong>spirt-</strong></span> 
     </span>
     <span class='ocr_line' id='line_1_9' title="bbox 271 1339 1630 1434; baseline 0.001 -25"><span class='ocrx_word' id='word_1_67' title='bbox 271 1344 409 1428; x_wconf 81' lang='lat' dir='ltr'><strong>tisntus,</strong></span> <span class='ocrx_word' id='word_1_68' title='bbox 435 1341 486 1410; x_wconf 90' lang='lat' dir='ltr'><strong>uti</strong></span> <span class='ocrx_word' id='word_1_69' title='bbox 511 1350 657 1428; x_wconf 79' lang='lat' dir='ltr'><strong>vocant,</strong></span> <span class='ocrx_word' id='word_1_70' title='bbox 685 1347 925 1412; x_wconf 72' lang='lat' dir='ltr'><strong>orticrtccnus.</strong></span> <span class='ocrx_word' id='word_1_71' title='bbox 954 1345 1101 1426; x_wconf 85' lang='lat' dir='ltr'><strong>Verum,</strong></span> <span class='ocrx_word' id='word_1_72' title='bbox 1127 1340 1207 1434; x_wconf 89' lang='lat' dir='ltr'><strong>quia</strong></span> <span class='ocrx_word' id='word_1_73' title='bbox 1232 1341 1317 1411; x_wconf 88' lang='lat' dir='ltr'><strong>istae</strong></span> <span class='ocrx_word' id='word_1_74' title='bbox 1340 1345 1376 1408; x_wconf 88' lang='lat' dir='ltr'><strong>et</strong></span> <span class='ocrx_word' id='word_1_75' title='bbox 1398 1339 1478 1424; x_wconf 88' lang='lat' dir='ltr'><strong>bie,</strong></span> <span class='ocrx_word' id='word_1_76' title='bbox 1511 1347 1630 1410; x_wconf 86' lang='lat' dir='ltr'><strong>mate·</strong></span> 
     </span>
     <span class='ocr_line' id='line_1_10' title="bbox 271 1445 1553 1534; baseline -0.001 -19"><span class='ocrx_word' id='word_1_77' title='bbox 271 1447 421 1518; x_wconf 90' lang='lat' dir='ltr'><strong>rialismo</strong></span> <span class='ocrx_word' id='word_1_78' title='bbox 444 1449 482 1518; x_wconf 88' lang='lat' dir='ltr'><strong>in</strong></span> <span class='ocrx_word' id='word_1_79' title='bbox 506 1447 578 1518; x_wconf 88' lang='lat' dir='ltr'><strong>dies</strong></span> <span class='ocrx_word' id='word_1_80' title='bbox 601 1455 854 1534; x_wconf 88' lang='lat' dir='ltr'><strong>succrescente,</strong></span> <span class='ocrx_word' id='word_1_81' title='bbox 881 1451 952 1518; x_wconf 84' lang='lat' dir='ltr'><strong>fere</strong></span> <span class='ocrx_word' id='word_1_82' title='bbox 977 1447 1157 1534; x_wconf 81' lang='lat' dir='ltr'><strong>antiquata</strong></span> <span class='ocrx_word' id='word_1_83' title='bbox 1180 1453 1275 1534; x_wconf 88' lang='lat' dir='ltr'><strong>sunt,</strong></span> <span class='ocrx_word' id='word_1_84' title='bbox 1300 1445 1377 1515; x_wconf 88' lang='lat' dir='ltr'><strong>beic</strong></span> <span class='ocrx_word' id='word_1_85' title='bbox 1400 1451 1553 1516; x_wconf 87' lang='lat' dir='ltr'><strong>tantum</strong></span> 
     </span>
    </p>
   </div>
   <div class='ocr_carea' id='block_1_6' title="bbox 591 1702 1294 1752">
    <p class='ocr_par' dir='ltr' id='par_1_6' title="bbox 591 1702 1294 1752">
     <span class='ocr_line' id='line_1_11' title="bbox 591 1702 1294 1752; baseline -0.003 -3"><span class='ocrx_word' id='word_1_86' title='bbox 591 1705 629 1749; x_wconf 77' lang='lat' dir='ltr'><strong>DE</strong></span> <span class='ocrx_word' id='word_1_87' title='bbox 654 1705 854 1752; x_wconf 70' lang='lat' dir='ltr'><strong>MAGNETISMO</strong></span> <span class='ocrx_word' id='word_1_88' title='bbox 878 1704 1012 1750; x_wconf 70' lang='lat' dir='ltr'>ANIHALI</span> <span class='ocrx_word' id='word_1_89' title='bbox 1037 1705 1074 1749; x_wconf 83' lang='lat' dir='ltr'><strong>ET</strong></span> <span class='ocrx_word' id='word_1_90' title='bbox 1099 1702 1294 1748; x_wconf 78' lang='lat' dir='ltr'><strong>nrrncrisno</strong></span> 
     </span>
    </p>
   </div>
   <div class='ocr_carea' id='block_1_7' title="bbox 416 1841 1467 2040">
    <p class='ocr_par' dir='ltr' id='par_1_7' title="bbox 416 1841 1467 2040">
     <span class='ocr_line' id='line_1_12' title="bbox 416 1841 1467 1934; baseline -0.006 -24"><span class='ocrx_word' id='word_1_91' title='bbox 416 1849 434 1924; x_wconf 67' lang='grc' dir='ltr'><strong>ἓ</strong></span> <span class='ocrx_word' id='word_1_92' title='bbox 453 1847 476 1910; x_wconf 93' lang='lat'><strong>1.</strong></span> <span class='ocrx_word' id='word_1_93' title='bbox 508 1843 598 1924; x_wconf 81' lang='lat' dir='ltr'><strong>Quid</strong></span> <span class='ocrx_word' id='word_1_94' title='bbox 625 1847 878 1933; x_wconf 72' lang='lat' dir='ltr'><strong>rrropnetismus</strong></span> <span class='ocrx_word' id='word_1_95' title='bbox 900 1851 932 1910; x_wconf 88' lang='lat' dir='ltr'><strong>et</strong></span> <span class='ocrx_word' id='word_1_96' title='bbox 955 1841 1206 1934; x_wconf 73' lang='lat' dir='ltr'><strong>bypnottsmus,</strong></span> <span class='ocrx_word' id='word_1_97' title='bbox 1232 1849 1264 1908; x_wconf 85' lang='lat' dir='ltr'><strong>et</strong></span> <span class='ocrx_word' id='word_1_98' title='bbox 1287 1860 1467 1931; x_wconf 79' lang='lat' dir='ltr'><strong>quaenam</strong></span> 
     </span>
     <span class='ocr_line' id='line_1_13' title="bbox 610 1947 1167 2040; baseline -0.002 -23"><span class='ocrx_word' id='word_1_99' title='bbox 610 1973 613 1980; x_wconf 64' lang='lat'><em>¹</em></span> <span class='ocrx_word' id='word_1_100' title='bbox 710 1953 890 2040; x_wconf 67' lang='lat' dir='ltr'><strong>scitiusque</strong></span> <span class='ocrx_word' id='word_1_101' title='bbox 912 1947 1167 2037; x_wconf 74' lang='lat' dir='ltr'><strong>ploce-nomene.</strong></span> 
     </span>
    </p>
   </div>
   <div class='ocr_carea' id='block_1_8' title="bbox 271 2122 1622 2536">
    <p class='ocr_par' dir='ltr' id='par_1_8' title="bbox 271 2122 1622 2536">
     <span class='ocr_line' id='line_1_14' title="bbox 329 2122 1622 2212; baseline -0.003 -19"><span class='ocrx_word' id='word_1_102' title='bbox 329 2125 383 2193; x_wconf 81' lang='grc'><strong>58.</strong></span> <span class='ocrx_word' id='word_1_103' title='bbox 414 2124 605 2194; x_wconf 85' lang='lat' dir='ltr'><strong>Fridericus</strong></span> <span class='ocrx_word' id='word_1_104' title='bbox 629 2125 800 2196; x_wconf 75' lang='lat' dir='ltr'><strong>antonius</strong></span> <span class='ocrx_word' id='word_1_105' title='bbox 823 2129 985 2212; x_wconf 82' lang='lat' dir='ltr'><strong>Mesmer,</strong></span> <span class='ocrx_word' id='word_1_106' title='bbox 1011 2123 1166 2196; x_wconf 89' lang='lat' dir='ltr'><strong>medicus</strong></span> <span class='ocrx_word' id='word_1_107' title='bbox 1189 2130 1394 2209; x_wconf 86' lang='lat' dir='ltr'><strong>Germanus,</strong></span> <span class='ocrx_word' id='word_1_108' title='bbox 1420 2143 1478 2192; x_wconf 91' lang='lat' dir='ltr'><strong>an.</strong></span> <span class='ocrx_word' id='word_1_109' title='bbox 1518 2122 1622 2205; x_wconf 70' lang='lat'><strong>1774,</strong></span> 
     </span>
     <span class='ocr_line' id='line_1_15' title="bbox 271 2228 1621 2324; baseline -0.004 -24"><span class='ocrx_word' id='word_1_110' title='bbox 271 2231 430 2300; x_wconf 91' lang='lat' dir='ltr'><strong>omnium</strong></span> <span class='ocrx_word' id='word_1_111' title='bbox 458 2231 590 2320; x_wconf 90' lang='lat' dir='ltr'><strong>primus</strong></span> <span class='ocrx_word' id='word_1_112' title='bbox 618 2232 740 2301; x_wconf 90' lang='lat' dir='ltr'><strong>docere</strong></span> <span class='ocrx_word' id='word_1_113' title='bbox 769 2231 902 2323; x_wconf 87' lang='lat' dir='ltr'><strong>coepit,</strong></span> <span class='ocrx_word' id='word_1_114' title='bbox 936 2233 1081 2302; x_wconf 88' lang='lat' dir='ltr'><strong>fluidum</strong></span> <span class='ocrx_word' id='word_1_115' title='bbox 1112 2231 1298 2324; x_wconf 91' lang='lat' dir='ltr'><strong>quemdam</strong></span> <span class='ocrx_word' id='word_1_116' title='bbox 1325 2228 1621 2309; x_wconf 85' lang='lat' dir='ltr'><strong>subtilissimum,</strong></span> 
     </span>
     <span class='ocr_line' id='line_1_16' title="bbox 271 2334 1621 2426; baseline -0.003 -22"><span class='ocrx_word' id='word_1_117' title='bbox 271 2334 383 2406; x_wconf 82' lang='lat' dir='ltr'><strong>fluxui</strong></span> <span class='ocrx_word' id='word_1_118' title='bbox 408 2335 579 2424; x_wconf 78' lang='lat' dir='ltr'><strong>magnetis</strong></span> <span class='ocrx_word' id='word_1_119' title='bbox 602 2336 824 2426; x_wconf 82' lang='lat' dir='ltr'><strong>persimilem,</strong></span> <span class='ocrx_word' id='word_1_120' title='bbox 850 2345 923 2408; x_wconf 90' lang='lat' dir='ltr'><strong>toto</strong></span> <span class='ocrx_word' id='word_1_121' title='bbox 947 2341 1029 2408; x_wconf 91' lang='lat' dir='ltr'><strong>orbe</strong></span> <span class='ocrx_word' id='word_1_122' title='bbox 1052 2337 1217 2407; x_wconf 89' lang='lat' dir='ltr'><strong>universo</strong></span> <span class='ocrx_word' id='word_1_123' title='bbox 1240 2336 1493 2406; x_wconf 84' lang='lat' dir='ltr'><strong>circumfusum</strong></span> <span class='ocrx_word' id='word_1_124' title='bbox 1521 2351 1621 2416; x_wconf 68' lang='lat' dir='ltr'><strong>esse,</strong></span> 
     </span>
     <span class='ocr_line' id='line_1_17' title="bbox 272 2439 1622 2536; baseline -0.005 -24"><span class='ocrx_word' id='word_1_125' title='bbox 272 2463 382 2534; x_wconf 90' lang='lat' dir='ltr'><strong>eoque</strong></span> <span class='ocrx_word' id='word_1_126' title='bbox 406 2463 487 2512; x_wconf 94' lang='lat' dir='ltr'><strong>cum</strong></span> <span class='ocrx_word' id='word_1_127' title='bbox 511 2441 631 2531; x_wconf 90' lang='lat' dir='ltr'><strong>primis</strong></span> <span class='ocrx_word' id='word_1_128' title='bbox 653 2443 857 2512; x_wconf 88' lang='lat' dir='ltr'><strong>animalium</strong></span> <span class='ocrx_word' id='word_1_129' title='bbox 883 2445 992 2514; x_wconf 81' lang='lat' dir='ltr'><strong>vitam</strong></span> <span class='ocrx_word' id='word_1_130' title='bbox 1018 2443 1147 2530; x_wconf 79' lang='lat' dir='ltr'><strong>foveri3</strong></span> <span class='ocrx_word' id='word_1_131' title='bbox 1173 2465 1277 2536; x_wconf 84' lang='lat' dir='ltr'><strong>quem</strong></span> <span class='ocrx_word' id='word_1_132' title='bbox 1293 2443 1421 2512; x_wconf 88' lang='lat' dir='ltr'><strong>idcireo</strong></span> <span class='ocrx_word' id='word_1_133' title='bbox 1438 2439 1622 2530; x_wconf 79' lang='lat' dir='ltr'><strong>mapneti-</strong></span> 
     </span>
    </p>
   </div>
   <div class='ocr_carea' id='block_1_9' title="bbox 269 2547 1699 3600">
    <p class='ocr_par' dir='ltr' id='par_1_9' title="bbox 269 2547 1699 3600">
     <span class='ocr_line' id='line_1_18' title="bbox 270 2547 1622 2640; baseline -0.001 -21"><span class='ocrx_word' id='word_1_134' title='bbox 270 2569 386 2619; x_wconf 68' lang='lat' dir='ltr'><strong>sonum</strong></span> <span class='ocrx_word' id='word_1_135' title='bbox 410 2551 608 2620; x_wconf 75' lang='lat' dir='ltr'><strong>orctrnatem</strong></span> <span class='ocrx_word' id='word_1_136' title='bbox 632 2549 859 2638; x_wconf 86' lang='lat' dir='ltr'><strong>nuncupavit.</strong></span> <span class='ocrx_word' id='word_1_137' title='bbox 886 2550 1010 2621; x_wconf 85' lang='lat' dir='ltr'><strong>Docuit</strong></span> <span class='ocrx_word' id='word_1_138' title='bbox 1031 2558 1221 2640; x_wconf 88' lang='lat' dir='ltr'><strong>praeterea,</strong></span> <span class='ocrx_word' id='word_1_139' title='bbox 1247 2549 1391 2618; x_wconf 86' lang='lat' dir='ltr'><strong>fluidum</strong></span> <span class='ocrx_word' id='word_1_140' title='bbox 1414 2547 1622 2619; x_wconf 87' lang='lat' dir='ltr'><strong>huiusmodi</strong></span> 
     </span>
     <span class='ocr_line' id='line_1_19' title="bbox 272 2655 1621 2747; baseline -0.003 -21"><span class='ocrx_word' id='word_1_141' title='bbox 272 2658 314 2726; x_wconf 93' lang='lat' dir='ltr'><strong>de</strong></span> <span class='ocrx_word' id='word_1_142' title='bbox 337 2677 480 2747; x_wconf 85' lang='lat' dir='ltr'><strong>corpore</strong></span> <span class='ocrx_word' id='word_1_143' title='bbox 504 2657 541 2725; x_wconf 91' lang='lat' dir='ltr'><strong>in</strong></span> <span class='ocrx_word' id='word_1_144' title='bbox 565 2675 707 2744; x_wconf 77' lang='lat' dir='ltr'><strong>corpuS,</strong></span> <span class='ocrx_word' id='word_1_145' title='bbox 740 2655 821 2726; x_wconf 92' lang='lat' dir='ltr'><strong>licet</strong></span> <span class='ocrx_word' id='word_1_146' title='bbox 848 2657 1140 2742; x_wconf 87' lang='lat' dir='ltr'><strong>remotissimum,</strong></span> <span class='ocrx_word' id='word_1_147' title='bbox 1166 2656 1362 2728; x_wconf 80' lang='lat' dir='ltr'><strong>transfundi</strong></span> <span class='ocrx_word' id='word_1_148' title='bbox 1386 2657 1442 2726; x_wconf 84' lang='lat' dir='ltr'><strong>vel</strong></span> <span class='ocrx_word' id='word_1_149' title='bbox 1466 2655 1621 2726; x_wconf 83' lang='lat' dir='ltr'><strong>excitari</strong></span> 
     </span>
     <span class='ocr_line' id='line_1_20' title="bbox 271 2762 1621 2855; baseline -0.003 -21"><span class='ocrx_word' id='word_1_150' title='bbox 271 2783 388 2855; x_wconf 88' lang='lat' dir='ltr'><strong>posse;</strong></span> <span class='ocrx_word' id='word_1_151' title='bbox 415 2784 524 2854; x_wconf 87' lang='lat' dir='ltr'><strong>eoque</strong></span> <span class='ocrx_word' id='word_1_152' title='bbox 548 2764 685 2832; x_wconf 88' lang='lat' dir='ltr'><strong>morbos</strong></span> <span class='ocrx_word' id='word_1_153' title='bbox 708 2762 824 2832; x_wconf 86' lang='lat' dir='ltr'><strong>sanari</strong></span> <span class='ocrx_word' id='word_1_154' title='bbox 848 2785 935 2852; x_wconf 91' lang='lat' dir='ltr'><strong>pene</strong></span> <span class='ocrx_word' id='word_1_155' title='bbox 959 2785 1081 2833; x_wconf 90' lang='lat' dir='ltr'><strong>omnes</strong></span> <span class='ocrx_word' id='word_1_156' title='bbox 1101 2765 1160 2852; x_wconf 83' lang='lat' dir='ltr'><strong>(t).</strong></span> <span class='ocrx_word' id='word_1_157' title='bbox 1193 2762 1439 2848; x_wconf 79' lang='lat' dir='ltr'><strong>Quamobrem,</strong></span> <span class='ocrx_word' id='word_1_158' title='bbox 1472 2781 1621 2852; x_wconf 80' lang='lat' dir='ltr'><strong>magne·</strong></span> 
     </span>
     <span class='ocr_line' id='line_1_21' title="bbox 271 2868 1620 2960; baseline -0.003 -20"><span class='ocrx_word' id='word_1_159' title='bbox 271 2869 396 2940; x_wconf 87' lang='lat' dir='ltr'><strong>tismus</strong></span> <span class='ocrx_word' id='word_1_160' title='bbox 419 2869 590 2954; x_wconf 73' lang='lat' dir='ltr'><strong>animatu,</strong></span> <span class='ocrx_word' id='word_1_161' title='bbox 617 2868 716 2939; x_wconf 92' lang='lat' dir='ltr'><strong>initio</strong></span> <span class='ocrx_word' id='word_1_162' title='bbox 739 2869 890 2960; x_wconf 91' lang='lat' dir='ltr'><strong>quidem,</strong></span> <span class='ocrx_word' id='word_1_163' title='bbox 927 2869 1081 2940; x_wconf 88' lang='lat' dir='ltr'><strong>medicae</strong></span> <span class='ocrx_word' id='word_1_164' title='bbox 1114 2871 1198 2940; x_wconf 86' lang='lat' dir='ltr'><strong>artis</strong></span> <span class='ocrx_word' id='word_1_165' title='bbox 1220 2869 1318 2960; x_wconf 84' lang='lat' dir='ltr'><strong>quasi</strong></span> <span class='ocrx_word' id='word_1_166' title='bbox 1341 2868 1531 2939; x_wconf 90' lang='lat' dir='ltr'><strong>inventum</strong></span> <span class='ocrx_word' id='word_1_167' title='bbox 1557 2869 1620 2938; x_wconf 91' lang='lat' dir='ltr'><strong>ba·</strong></span> 
     </span>
     <span class='ocr_line' id='line_1_22' title="bbox 270 2975 1616 3068; baseline -0.001 -24"><span class='ocrx_word' id='word_1_168' title='bbox 270 2975 362 3046; x_wconf 85' lang='lat' dir='ltr'><strong>bitus</strong></span> <span class='ocrx_word' id='word_1_169' title='bbox 385 2981 454 3062; x_wconf 90' lang='lat' dir='ltr'><strong>est,</strong></span> <span class='ocrx_word' id='word_1_170' title='bbox 484 2975 680 3068; x_wconf 88' lang='lat' dir='ltr'><strong>morbisque</strong></span> <span class='ocrx_word' id='word_1_171' title='bbox 710 2975 872 3046; x_wconf 88' lang='lat' dir='ltr'><strong>curandis</strong></span> <span class='ocrx_word' id='word_1_172' title='bbox 902 2975 1061 3045; x_wconf 93' lang='lat' dir='ltr'><strong>incubuit</strong></span> <span class='ocrx_word' id='word_1_173' title='bbox 1091 2983 1185 3048; x_wconf 90' lang='lat' dir='ltr'><strong>totus</strong></span> <span class='ocrx_word' id='word_1_174' title='bbox 1203 2979 1262 3066; x_wconf 70' lang='lat' dir='ltr'><strong>(b).</strong></span> <span class='ocrx_word' id='word_1_175' title='bbox 1296 2975 1361 3044; x_wconf 90' lang='lat' dir='ltr'><strong>Sed</strong></span> <span class='ocrx_word' id='word_1_176' title='bbox 1389 2976 1491 3064; x_wconf 87' lang='lat' dir='ltr'><strong>paulo</strong></span> <span class='ocrx_word' id='word_1_177' title='bbox 1525 2979 1616 3065; x_wconf 89' lang='lat' dir='ltr'><strong>post,</strong></span> 
     </span>
     <span class='ocr_line' id='line_1_23' title="bbox 273 3079 1615 3174; baseline -0.001 -25"><span class='ocrx_word' id='word_1_178' title='bbox 273 3079 411 3152; x_wconf 87' lang='lat' dir='ltr'><strong>insolita</strong></span> <span class='ocrx_word' id='word_1_179' title='bbox 434 3082 617 3174; x_wconf 85' lang='lat' dir='ltr'><strong>quaedam,</strong></span> <span class='ocrx_word' id='word_1_180' title='bbox 648 3089 784 3173; x_wconf 89' lang='lat' dir='ltr'><strong>praeter</strong></span> <span class='ocrx_word' id='word_1_181' title='bbox 813 3083 957 3154; x_wconf 86' lang='lat' dir='ltr'><strong>visibilis</strong></span> <span class='ocrx_word' id='word_1_182' title='bbox 992 3090 1138 3154; x_wconf 87' lang='lat' dir='ltr'><strong>naturae</strong></span> <span class='ocrx_word' id='word_1_183' title='bbox 1173 3083 1276 3168; x_wconf 79' lang='lat' dir='ltr'><strong>vireS,</strong></span> <span class='ocrx_word' id='word_1_184' title='bbox 1314 3083 1448 3152; x_wconf 85' lang='lat' dir='ltr'><strong>efficere</strong></span> <span class='ocrx_word' id='word_1_185' title='bbox 1483 3081 1615 3172; x_wconf 87' lang='lat' dir='ltr'><strong>coepit,</strong></span> 
     </span>
     <span class='ocr_line' id='line_1_24' title="bbox 269 3187 1617 3281; baseline -0.001 -24"><span class='ocrx_word' id='word_1_186' title='bbox 269 3209 358 3281; x_wconf 85' lang='lat' dir='ltr'><strong>quae</strong></span> <span class='ocrx_word' id='word_1_187' title='bbox 382 3187 425 3260; x_wconf 93' lang='lat' dir='ltr'><strong>ad</strong></span> <span class='ocrx_word' id='word_1_188' title='bbox 449 3187 686 3260; x_wconf 85' lang='lat' dir='ltr'><strong>valetudinem</strong></span> <span class='ocrx_word' id='word_1_189' title='bbox 710 3197 866 3260; x_wconf 89' lang='lat' dir='ltr'><strong>nostram</strong></span> <span class='ocrx_word' id='word_1_190' title='bbox 889 3189 975 3260; x_wconf 88' lang='lat' dir='ltr'><strong>nibil</strong></span> <span class='ocrx_word' id='word_1_191' title='bbox 999 3188 1186 3280; x_wconf 85' lang='lat' dir='ltr'><strong>pertinent.</strong></span> <span class='ocrx_word' id='word_1_192' title='bbox 1216 3195 1361 3258; x_wconf 84' lang='lat' dir='ltr'><strong>Domum</strong></span> <span class='ocrx_word' id='word_1_193' title='bbox 1385 3189 1429 3257; x_wconf 93' lang='lat' dir='ltr'><strong>ab</strong></span> <span class='ocrx_word' id='word_1_194' title='bbox 1451 3187 1617 3256; x_wconf 89' lang='lat' dir='ltr'><strong>instituto</strong></span> 
     </span>
     <span class='ocr_line' id='line_1_25' title="bbox 269 3289 1699 3388; baseline -0.002 -22"><span class='ocrx_word' id='word_1_195' title='bbox 269 3297 370 3388; x_wconf 90' lang='lat' dir='ltr'><strong>plane</strong></span> <span class='ocrx_word' id='word_1_196' title='bbox 393 3295 552 3382; x_wconf 85' lang='lat' dir='ltr'><strong>descivit,</strong></span> <span class='ocrx_word' id='word_1_197' title='bbox 578 3301 614 3364; x_wconf 93' lang='lat' dir='ltr'><strong>et</strong></span> <span class='ocrx_word' id='word_1_198' title='bbox 637 3295 673 3364; x_wconf 95' lang='lat' dir='ltr'><strong>in</strong></span> <span class='ocrx_word' id='word_1_199' title='bbox 697 3304 854 3384; x_wconf 86' lang='lat' dir='ltr'><strong>apertam</strong></span> <span class='ocrx_word' id='word_1_200' title='bbox 877 3296 1158 3388; x_wconf 82' lang='lat' dir='ltr'><strong>superstitionem</strong></span> <span class='ocrx_word' id='word_1_201' title='bbox 1182 3295 1341 3366; x_wconf 86' lang='lat' dir='ltr'><strong>discessit</strong></span> <span class='ocrx_word' id='word_1_202' title='bbox 1356 3297 1415 3385; x_wconf 77' lang='grc'>(5).</span> <span class='ocrx_word' id='word_1_203' title='bbox 1698 3289 1699 3292; x_wconf 66' lang='grc'>’</span> 
     </span>
     <span class='ocr_line' id='line_1_26' title="bbox 332 3401 1616 3494; baseline -0.003 -21"><span class='ocrx_word' id='word_1_204' title='bbox 332 3403 386 3473; x_wconf 81' lang='grc'><strong>59.</strong></span> <span class='ocrx_word' id='word_1_205' title='bbox 415 3409 515 3473; x_wconf 80' lang='lat' dir='ltr'><strong>Anno</strong></span> <span class='ocrx_word' id='word_1_206' title='bbox 542 3405 639 3490; x_wconf 74' lang='lat' dir='ltr'><strong>istc,</strong></span> <span class='ocrx_word' id='word_1_207' title='bbox 665 3403 870 3473; x_wconf 88' lang='lat' dir='ltr'><strong>damnatum</strong></span> <span class='ocrx_word' id='word_1_208' title='bbox 894 3403 1043 3488; x_wconf 88' lang='lat' dir='ltr'><strong>Parisiis,</strong></span> <span class='ocrx_word' id='word_1_209' title='bbox 1068 3411 1318 3494; x_wconf 86' lang='lat' dir='ltr'><strong>extrusumque</strong></span> <span class='ocrx_word' id='word_1_210' title='bbox 1340 3401 1484 3490; x_wconf 91' lang='lat' dir='ltr'><strong>proinde</strong></span> <span class='ocrx_word' id='word_1_211' title='bbox 1508 3425 1527 3473; x_wconf 91' lang='lat' dir='ltr'><strong>e</strong></span> <span class='ocrx_word' id='word_1_212' title='bbox 1554 3421 1616 3470; x_wconf 91' lang='lat' dir='ltr'><strong>no·</strong></span> 
     </span>
     <span class='ocr_line' id='line_1_27' title="bbox 270 3507 1615 3600; baseline -0.004 -20"><span class='ocrx_word' id='word_1_213' title='bbox 270 3509 431 3582; x_wconf 86' lang='lat' dir='ltr'><strong>socomiis</strong></span> <span class='ocrx_word' id='word_1_214' title='bbox 467 3531 555 3600; x_wconf 91' lang='lat' dir='ltr'><strong>pene</strong></span> <span class='ocrx_word' id='word_1_215' title='bbox 588 3511 694 3580; x_wconf 89' lang='lat' dir='ltr'><strong>totius</strong></span> <span class='ocrx_word' id='word_1_216' title='bbox 726 3514 879 3598; x_wconf 86' lang='lat' dir='ltr'><strong>Europae</strong></span> <span class='ocrx_word' id='word_1_217' title='bbox 910 3510 976 3597; x_wconf 75' lang='lat' dir='ltr'><strong>(la),</strong></span> <span class='ocrx_word' id='word_1_218' title='bbox 1009 3507 1279 3598; x_wconf 77' lang='lat' dir='ltr'><strong>magnetismum</strong></span> <span class='ocrx_word' id='word_1_219' title='bbox 1307 3507 1444 3598; x_wconf 87' lang='lat' dir='ltr'><strong>excepit</strong></span> <span class='ocrx_word' id='word_1_220' title='bbox 1475 3507 1510 3576; x_wconf 92' lang='lat' dir='ltr'><strong>in</strong></span> <span class='ocrx_word' id='word_1_221' title='bbox 1547 3510 1615 3575; x_wconf 78' lang='lat' dir='ltr'><strong>An-</strong></span> 
     </span>
    </p>
   </div>
   <div class='ocr_carea' id='block_1_10' title="bbox 271 3697 1699 4658">
    <p class='ocr_par' dir='ltr' id='par_1_10' title="bbox 271 3697 1699 4658">
     <span class='ocr_line' id='line_1_28' title="bbox 330 3697 1615 3838; baseline 0.001 -77"><span class='ocrx_word' id='word_1_222' title='bbox 330 3697 395 3838; x_wconf 53' lang='lat'><strong>549)</strong></span> <span class='ocrx_word' id='word_1_223' title='bbox 410 3701 526 3774; x_wconf 83' lang='lat' dir='ltr'><strong>Geruli,</strong></span> <span class='ocrx_word' id='word_1_224' title='bbox 541 3701 601 3760; x_wconf 85' lang='lat' dir='ltr'><strong>Del</strong></span> <span class='ocrx_word' id='word_1_225' title='bbox 612 3700 827 3774; x_wconf 71' lang='lat' dir='ltr'><strong>trtapnetismo</strong></span> <span class='ocrx_word' id='word_1_226' title='bbox 838 3702 912 3758; x_wconf 70' lang='lat' dir='ltr'><strong>acci·</strong></span> <span class='ocrx_word' id='word_1_227' title='bbox 965 3701 997 3760; x_wconf 85' lang='lat' dir='ltr'><strong>S.</strong></span> <span class='ocrx_word' id='word_1_228' title='bbox 1016 3701 1054 3771; x_wconf 76' lang='lat'><strong>1,</strong></span> <span class='ocrx_word' id='word_1_229' title='bbox 1070 3699 1290 3774; x_wconf 82' lang='lat' dir='ltr'><strong>L&#39;Ipootismo</strong></span> <span class='ocrx_word' id='word_1_230' title='bbox 1306 3708 1433 3758; x_wconf 77' lang='lat' dir='ltr'><strong>tornato</strong></span> <span class='ocrx_word' id='word_1_231' title='bbox 1449 3701 1486 3758; x_wconf 83' lang='lat' dir='ltr'><strong>di</strong></span> <span class='ocrx_word' id='word_1_232' title='bbox 1501 3701 1615 3762; x_wconf 79' lang='lat' dir='ltr'><strong>moda,</strong></span> 
     </span>
     <span class='ocr_line' id='line_1_29' title="bbox 273 3779 1612 3856; baseline -0.001 -17"><span class='ocrx_word' id='word_1_233' title='bbox 273 3799 328 3839; x_wconf 84' lang='lat' dir='ltr'><strong>ma</strong></span> <span class='ocrx_word' id='word_1_234' title='bbox 345 3799 372 3848; x_wconf 86' lang='lat' dir='ltr'><strong>e,</strong></span> <span class='ocrx_word' id='word_1_235' title='bbox 394 3779 533 3855; x_wconf 82' lang='lat' dir='ltr'><strong>Bologna</strong></span> <span class='ocrx_word' id='word_1_236' title='bbox 556 3781 643 3852; x_wconf 85' lang='lat'><strong>1858,</strong></span> <span class='ocrx_word' id='word_1_237' title='bbox 667 3782 686 3855; x_wconf 64' lang='grc' dir='ltr'><strong>ἓ</strong></span> <span class='ocrx_word' id='word_1_238' title='bbox 706 3779 776 3840; x_wconf 84' lang='grc'>213.</span> <span class='ocrx_word' id='word_1_239' title='bbox 966 3781 1063 3840; x_wconf 80' lang='lat' dir='ltr'><strong>Proto</strong></span> <span class='ocrx_word' id='word_1_240' title='bbox 1075 3780 1163 3852; x_wconf 86' lang='grc'>1888,</span> <span class='ocrx_word' id='word_1_241' title='bbox 1174 3781 1228 3839; x_wconf 84' lang='lat' dir='ltr'><strong>Ed.</strong></span> <span class='ocrx_word' id='word_1_242' title='bbox 1239 3781 1292 3852; x_wconf 57' lang='lat'><strong>323</strong></span> <span class='ocrx_word' id='word_1_243' title='bbox 1311 3781 1433 3838; x_wconf 89' lang='lat' dir='ltr'><strong>omniuo</strong></span> <span class='ocrx_word' id='word_1_244' title='bbox 1448 3779 1612 3856; x_wconf 61' lang='lat' dir='ltr'><strong>legendum</strong></span> 
     </span>
     <span class='ocr_line' id='line_1_30' title="bbox 329 3859 1614 3941; baseline -0.002 -23"><span class='ocrx_word' id='word_1_245' title='bbox 329 3859 375 3941; x_wconf 91' lang='lat' dir='ltr'><strong>(l)</strong></span> <span class='ocrx_word' id='word_1_246' title='bbox 391 3861 535 3930; x_wconf 86' lang='lat' dir='ltr'><strong>Mesmer,</strong></span> <span class='ocrx_word' id='word_1_247' title='bbox 551 3861 709 3920; x_wconf 73' lang='lat' dir='ltr'><strong>Mernoire</strong></span> <span class='ocrx_word' id='word_1_248' title='bbox 723 3877 784 3918; x_wconf 79' lang='lat' dir='ltr'><strong>sur</strong></span> <span class='ocrx_word' id='word_1_249' title='bbox 807 3860 839 3919; x_wconf 82' lang='lat' dir='ltr'><strong>ia</strong></span> <span class='ocrx_word' id='word_1_250' title='bbox 861 3862 913 3920; x_wconf 73' lang='lat' dir='ltr'><strong>de·</strong></span> <span class='ocrx_word' id='word_1_251' title='bbox 965 3879 1023 3936; x_wconf 93' lang='lat' dir='ltr'><strong>quo</strong></span> <span class='ocrx_word' id='word_1_252' title='bbox 1034 3878 1091 3937; x_wconf 84' lang='lat' dir='ltr'><strong>ego</strong></span> <span class='ocrx_word' id='word_1_253' title='bbox 1102 3877 1170 3918; x_wconf 89' lang='lat' dir='ltr'><strong>cum</strong></span> <span class='ocrx_word' id='word_1_254' title='bbox 1186 3861 1295 3936; x_wconf 88' lang='lat' dir='ltr'><strong>primis</strong></span> <span class='ocrx_word' id='word_1_255' title='bbox 1310 3865 1390 3919; x_wconf 86' lang='lat' dir='ltr'><strong>utor.</strong></span> <span class='ocrx_word' id='word_1_256' title='bbox 1410 3861 1447 3918; x_wconf 89' lang='lat' dir='ltr'><strong>V.</strong></span> <span class='ocrx_word' id='word_1_257' title='bbox 1463 3859 1535 3920; x_wconf 83' lang='lat' dir='ltr'><strong>Elia</strong></span> <span class='ocrx_word' id='word_1_258' title='bbox 1547 3860 1614 3918; x_wconf 81' lang='lat' dir='ltr'><strong>bie·</strong></span> 
     </span>
     <span class='ocr_line' id='line_1_31' title="bbox 271 3936 1613 4015; baseline -0.002 -16"><span class='ocrx_word' id='word_1_259' title='bbox 271 3948 419 4000; x_wconf 74' lang='lat' dir='ltr'><strong>converte</strong></span> <span class='ocrx_word' id='word_1_260' title='bbox 447 3941 492 3997; x_wconf 81' lang='lat' dir='ltr'><strong>du</strong></span> <span class='ocrx_word' id='word_1_261' title='bbox 522 3941 739 4015; x_wconf 66' lang='lat' dir='ltr'><strong>rnapucrtsme</strong></span> <span class='ocrx_word' id='word_1_262' title='bbox 768 3943 910 3999; x_wconf 81' lang='lat' dir='ltr'><strong>animat.</strong></span> <span class='ocrx_word' id='word_1_263' title='bbox 967 3941 1024 4010; x_wconf 89' lang='lat' dir='ltr'><strong>rie,</strong></span> <span class='ocrx_word' id='word_1_264' title='bbox 1042 3940 1103 4000; x_wconf 81' lang='lat' dir='ltr'><strong>Det</strong></span> <span class='ocrx_word' id='word_1_265' title='bbox 1118 3941 1353 4015; x_wconf 66' lang='lat' dir='ltr'><strong>rizarooiptioso</strong></span> <span class='ocrx_word' id='word_1_266' title='bbox 1367 3936 1458 3998; x_wconf 82' lang='lat' dir='ltr'><strong>della</strong></span> <span class='ocrx_word' id='word_1_267' title='bbox 1474 3947 1613 4005; x_wconf 79' lang='lat' dir='ltr'><strong>natura,</strong></span> 
     </span>
     <span class='ocr_line' id='line_1_32' title="bbox 271 4019 1551 4105; baseline 0.002 -27"><span class='ocrx_word' id='word_1_268' title='bbox 271 4019 491 4080; x_wconf 85' lang='lat' dir='ltr'><strong>Definitionem</strong></span> <span class='ocrx_word' id='word_1_269' title='bbox 535 4021 734 4096; x_wconf 80' lang='lat' dir='ltr'><strong>magnetismi</strong></span> <span class='ocrx_word' id='word_1_270' title='bbox 769 4021 914 4079; x_wconf 84' lang='lat' dir='ltr'><strong>animalis</strong></span> <span class='ocrx_word' id='word_1_271' title='bbox 967 4020 1188 4080; x_wconf 79' lang='lat' dir='ltr'><strong>Torin01889.</strong></span> <span class='ocrx_word' id='word_1_272' title='bbox 1545 4073 1551 4105; x_wconf 41' lang='grc' dir='ltr'><strong>Ι.</strong></span> 
     </span>
     <span class='ocr_line' id='line_1_33' title="bbox 273 4098 1611 4180; baseline 0 -22"><span class='ocrx_word' id='word_1_273' title='bbox 273 4100 492 4176; x_wconf 79' lang='lat' dir='ltr'><strong>praetermisi,</strong></span> <span class='ocrx_word' id='word_1_274' title='bbox 515 4101 626 4176; x_wconf 85' lang='lat' dir='ltr'><strong>quippe</strong></span> <span class='ocrx_word' id='word_1_275' title='bbox 647 4101 678 4159; x_wconf 91' lang='lat' dir='ltr'><strong>in</strong></span> <span class='ocrx_word' id='word_1_276' title='bbox 699 4117 736 4158; x_wconf 86' lang='lat' dir='ltr'><strong>ea</strong></span> <span class='ocrx_word' id='word_1_277' title='bbox 764 4101 915 4160; x_wconf 85' lang='lat' dir='ltr'><strong>tradenda</strong></span> <span class='ocrx_word' id='word_1_278' title='bbox 1027 4099 1074 4180; x_wconf 80' lang='grc'><strong>(4)</strong></span> <span class='ocrx_word' id='word_1_279' title='bbox 1096 4098 1321 4177; x_wconf 77' lang='lat' dir='ltr'><strong>Magnetismus</strong></span> <span class='ocrx_word' id='word_1_280' title='bbox 1352 4117 1422 4158; x_wconf 88' lang='lat' dir='ltr'><strong>usus</strong></span> <span class='ocrx_word' id='word_1_281' title='bbox 1450 4103 1498 4158; x_wconf 86' lang='lat' dir='ltr'><strong>est</strong></span> <span class='ocrx_word' id='word_1_282' title='bbox 1526 4103 1611 4158; x_wconf 84' lang='lat' dir='ltr'><strong>sorte</strong></span> 
     </span>
     <span class='ocr_line' id='line_1_34' title="bbox 272 4179 1699 4260; baseline -0.001 -22"><span class='ocrx_word' id='word_1_283' title='bbox 272 4179 417 4238; x_wconf 83' lang='lat' dir='ltr'><strong>laborant</strong></span> <span class='ocrx_word' id='word_1_284' title='bbox 445 4181 500 4238; x_wconf 82' lang='lat' dir='ltr'><strong>vel</strong></span> <span class='ocrx_word' id='word_1_285' title='bbox 526 4181 586 4255; x_wconf 85' lang='lat' dir='ltr'><strong>ipsi</strong></span> <span class='ocrx_word' id='word_1_286' title='bbox 613 4179 824 4255; x_wconf 84' lang='lat' dir='ltr'><strong>magnetologi</strong></span> <span class='ocrx_word' id='word_1_287' title='bbox 850 4179 912 4260; x_wconf 82' lang='lat' dir='ltr'><strong>(Oi.</strong></span> <span class='ocrx_word' id='word_1_288' title='bbox 968 4179 1101 4256; x_wconf 90' lang='lat' dir='ltr'><strong>primum</strong></span> <span class='ocrx_word' id='word_1_289' title='bbox 1117 4180 1264 4250; x_wconf 56' lang='lat' dir='ltr'><strong>adversm</strong></span> <span class='ocrx_word' id='word_1_290' title='bbox 1288 4197 1358 4238; x_wconf 82' lang='lat' dir='ltr'><strong>nem</strong></span> <span class='ocrx_word' id='word_1_291' title='bbox 1378 4179 1526 4239; x_wconf 82' lang='lat' dir='ltr'><strong>Facultas</strong></span> <span class='ocrx_word' id='word_1_292' title='bbox 1547 4179 1612 4238; x_wconf 89' lang='lat' dir='ltr'><strong>Me·</strong></span> <span class='ocrx_word' id='word_1_293' title='bbox 1698 4207 1699 4210; x_wconf 35' lang='lat'>¹</span> 
     </span>
     <span class='ocr_line' id='line_1_35' title="bbox 271 4257 1699 4336; baseline -0.003 -18"><span class='ocrx_word' id='word_1_294' title='bbox 271 4257 394 4329; x_wconf 82' lang='lat' dir='ltr'><strong>Caroli,</strong></span> <span class='ocrx_word' id='word_1_295' title='bbox 423 4260 718 4330; x_wconf 77' lang='lat' dir='ltr'><strong>DetMopnctz&#39;emo</strong></span> <span class='ocrx_word' id='word_1_296' title='bbox 748 4262 916 4329; x_wconf 57' lang='lat' dir='ltr'><strong>antinum</strong></span> <span class='ocrx_word' id='word_1_297' title='bbox 968 4259 1037 4318; x_wconf 82' lang='lat' dir='ltr'><strong>dice</strong></span> <span class='ocrx_word' id='word_1_298' title='bbox 1052 4258 1252 4328; x_wconf 84' lang='lat' dir='ltr'><strong>Parisieusie,</strong></span> <span class='ocrx_word' id='word_1_299' title='bbox 1272 4257 1306 4318; x_wconf 90' lang='lat' dir='ltr'><strong>ll</strong></span> <span class='ocrx_word' id='word_1_300' title='bbox 1320 4263 1399 4336; x_wconf 82' lang='lat' dir='ltr'><strong>Aug.</strong></span> <span class='ocrx_word' id='word_1_301' title='bbox 1425 4259 1512 4328; x_wconf 78' lang='lat'><strong>1774,</strong></span> <span class='ocrx_word' id='word_1_302' title='bbox 1535 4257 1612 4317; x_wconf 88' lang='lat' dir='ltr'><strong>deli·</strong></span> <span class='ocrx_word' id='word_1_303' title='bbox 1697 4273 1699 4280; x_wconf 72' lang='grc'>’</span> 
     </span>
     <span class='ocr_line' id='line_1_36' title="bbox 274 4335 1611 4414; baseline -0.003 -16"><span class='ocrx_word' id='word_1_304' title='bbox 274 4339 422 4410; x_wconf 79' lang='lat' dir='ltr'><strong>Pomone,</strong></span> <span class='ocrx_word' id='word_1_305' title='bbox 440 4337 487 4398; x_wconf 85' lang='lat' dir='ltr'><strong>De</strong></span> <span class='ocrx_word' id='word_1_306' title='bbox 506 4337 587 4398; x_wconf 79' lang='lat' dir='ltr'><strong>Virt.</strong></span> <span class='ocrx_word' id='word_1_307' title='bbox 604 4339 724 4414; x_wconf 72' lang='lat' dir='ltr'><strong>Retip„</strong></span> <span class='ocrx_word' id='word_1_308' title='bbox 739 4339 757 4414; x_wconf 83' lang='lat'><strong>§</strong></span> <span class='ocrx_word' id='word_1_309' title='bbox 771 4335 854 4414; x_wconf 85' lang='grc'>407).</span> <span class='ocrx_word' id='word_1_310' title='bbox 968 4341 1128 4399; x_wconf 86' lang='lat' dir='ltr'><strong>beratione</strong></span> <span class='ocrx_word' id='word_1_311' title='bbox 1144 4339 1386 4410; x_wconf 86' lang='lat' dir='ltr'><strong>consultissima,</strong></span> <span class='ocrx_word' id='word_1_312' title='bbox 1400 4339 1530 4408; x_wconf 82' lang='lat' dir='ltr'><strong>censuit,</strong></span> <span class='ocrx_word' id='word_1_313' title='bbox 1542 4352 1611 4397; x_wconf 90' lang='lat' dir='ltr'><strong>eum</strong></span> 
     </span>
     <span class='ocr_line' id='line_1_37' title="bbox 331 4415 1609 4498; baseline -0.001 -23"><span class='ocrx_word' id='word_1_314' title='bbox 331 4415 377 4498; x_wconf 81' lang='lat'><strong>(2)</strong></span> <span class='ocrx_word' id='word_1_315' title='bbox 398 4421 437 4479; x_wconf 81' lang='lat' dir='ltr'><strong>V.</strong></span> <span class='ocrx_word' id='word_1_316' title='bbox 455 4419 676 4492; x_wconf 74' lang='lat' dir='ltr'><strong>barontane,</strong></span> <span class='ocrx_word' id='word_1_317' title='bbox 689 4417 915 4478; x_wconf 78' lang='lat' dir='ltr'><strong>L&#39;Artdctna·</strong></span> <span class='ocrx_word' id='word_1_318' title='bbox 969 4421 1093 4480; x_wconf 79' lang='lat' dir='ltr'><strong>ciuium</strong></span> <span class='ocrx_word' id='word_1_319' title='bbox 1118 4420 1232 4488; x_wconf 82' lang='lat' dir='ltr'><strong>satuti,</strong></span> <span class='ocrx_word' id='word_1_320' title='bbox 1248 4421 1339 4480; x_wconf 76' lang='lat' dir='ltr'><strong>bonis</strong></span> <span class='ocrx_word' id='word_1_321' title='bbox 1354 4421 1498 4479; x_wconf 78' lang='lat' dir='ltr'><strong>moribus</strong></span> <span class='ocrx_word' id='word_1_322' title='bbox 1518 4427 1548 4478; x_wconf 83' lang='lat' dir='ltr'><strong>et</strong></span> <span class='ocrx_word' id='word_1_323' title='bbox 1559 4419 1609 4492; x_wconf 71' lang='lat' dir='ltr'><strong>fa·</strong></span> 
     </span>
     <span class='ocr_line' id='line_1_38' title="bbox 274 4497 1607 4576; baseline -0.004 -17"><span class='ocrx_word' id='word_1_324' title='bbox 274 4499 430 4576; x_wconf 67' lang='lat' dir='ltr'><strong>quotuor,</strong></span> <span class='ocrx_word' id='word_1_325' title='bbox 441 4517 490 4576; x_wconf 93' lang='lat' dir='ltr'><strong>pp.</strong></span> <span class='ocrx_word' id='word_1_326' title='bbox 510 4499 559 4570; x_wconf 85' lang='lat'><strong>53,</strong></span> <span class='ocrx_word' id='word_1_327' title='bbox 576 4497 626 4558; x_wconf 86' lang='lat'><strong>56.</strong></span> <span class='ocrx_word' id='word_1_328' title='bbox 970 4500 1148 4558; x_wconf 69' lang='lat' dir='ltr'><strong>caritatibus</strong></span> <span class='ocrx_word' id='word_1_329' title='bbox 1164 4499 1331 4559; x_wconf 78' lang='lat' dir='ltr'><strong>abstrusos</strong></span> <span class='ocrx_word' id='word_1_330' title='bbox 1342 4501 1456 4559; x_wconf 78' lang='lat' dir='ltr'><strong>moliri</strong></span> <span class='ocrx_word' id='word_1_331' title='bbox 1466 4499 1607 4558; x_wconf 79' lang='lat' dir='ltr'><strong>insidias</strong></span> 
     </span>
     <span class='ocr_line' id='line_1_39' title="bbox 331 4575 1699 4658; baseline -0.001 -20"><span class='ocrx_word' id='word_1_332' title='bbox 331 4575 377 4658; x_wconf 84' lang='lat'><strong>(3)</strong></span> <span class='ocrx_word' id='word_1_333' title='bbox 392 4581 430 4640; x_wconf 89' lang='lat' dir='ltr'><strong>V.</strong></span> <span class='ocrx_word' id='word_1_334' title='bbox 445 4579 563 4650; x_wconf 78' lang='lat' dir='ltr'><strong>caroli,</strong></span> <span class='ocrx_word' id='word_1_335' title='bbox 579 4578 600 4641; x_wconf 85' lang='lat' dir='ltr'><strong>l.</strong></span> <span class='ocrx_word' id='word_1_336' title='bbox 614 4579 779 4655; x_wconf 72' lang='lat' dir='ltr'><strong>c.,§223;</strong></span> <span class='ocrx_word' id='word_1_337' title='bbox 796 4579 916 4641; x_wconf 80' lang='lat' dir='ltr'><strong>Franco</strong></span> <span class='ocrx_word' id='word_1_338' title='bbox 968 4579 1130 4658; x_wconf 63' lang='lat' dir='ltr'><strong>(dignior,</strong></span> <span class='ocrx_word' id='word_1_339' title='bbox 1155 4581 1265 4640; x_wconf 76' lang='lat' dir='ltr'><strong>Scorto</strong></span> <span class='ocrx_word' id='word_1_340' title='bbox 1287 4579 1341 4640; x_wconf 80' lang='lat' dir='ltr'><strong>del</strong></span> <span class='ocrx_word' id='word_1_341' title='bbox 1368 4580 1611 4657; x_wconf 72' lang='lat' dir='ltr'><strong>maraoiplioso,</strong></span> <span class='ocrx_word' id='word_1_342' title='bbox 1697 4621 1699 4630; x_wconf 70' lang='grc'>,</span> 
     </span>
    </p>
   </div>
   <div class='ocr_carea' id='block_1_11' title="bbox 0 0 1706 5134">
    <p class='ocr_par' dir='ltr' id='par_1_11' title="bbox 0 0 1706 5134">
     <span class='ocr_line' id='line_1_40' title="bbox 0 0 1706 5134; baseline 0 0"><span class='ocrx_word' id='word_1_343' title='bbox 0 0 1706 5134; x_wconf 95' lang='lat' dir='ltr'><strong> </strong></span> 
     </span>
    </p>
   </div>
  </div>
 </body>
</html>
