3404 5126
20 363 22 386 r

20 403 27 442 l'

20 509 22 514 .
76 447 168 533 idest,
194 445 222 516 si
245 467 290 516 ex
314 467 354 515 ea
378 443 546 534 erogavit,
571 445 662 538 quod
685 443 769 513 alias
791 443 833 512 de
857 462 919 512 suo
936 449 1142 532 erogaturus
1156 442 1290 528 luisset,
1308 463 1343 511 v.
1363 462 1410 528 c,

20 551 24 590 r

20 651 31 733 ³.

347 345 450 391 CAPUT
475 347 497 392 1.
524 343 688 391 conduxit
711 343 883 398 utriusqus
907 341 1144 388 essrlvurlotds
1349 319 1411 386 l79

20 629 22 646 Ι
75 551 261 622 necessaria
285 552 329 621 ad
352 549 533 636 vestitum,
559 551 602 619 nd
625 549 771 620 victum.
800 553 843 619 nt
861 546 990 618 verosi
1007 569 1081 618 rem
1099 548 1251 618 alienam
1268 547 1413 618 minoris

74 665 163 746 emit,
189 667 250 728 aut
272 659 380 749 pluris
401 659 570 746 uendidit,
598 663 742 728 eatenus
765 655 941 727 videbitur
964 657 1077 726 tactus
1100 655 1215 743 ditior,
1240 661 1412 748 quatenus

20 815 22 844 ,
74 767 147 836 iusti
162 781 165 787 ·
173 767 276 858 pretii
298 766 386 836 fines
409 787 480 836 non
509 764 669 852 excessit;
700 785 783 834 nam
810 763 902 854 quod
926 765 1016 832 ultra
1033 761 1165 832 citrave
1182 768 1246 850 est,
1265 770 1324 833 aut
1340 766 1410 834 tur-

19 855 22 964 ‚¹
73 881 144 942 turn
169 881 233 958 cst,
259 880 321 942 aut
344 869 588 966 compendium
617 893 661 940 ex
690 869 895 940 liberalitate
924 868 1091 954 ementis,
1124 876 1185 938 aut
1212 869 1407 940 vendentis.

19 977 21 1070 J
75 981 133 1051 Sed
159 979 223 1050 etsi
247 979 328 1050 iusti
352 977 453 1070 pretii
475 975 563 1046 tines
587 999 658 1047 non
682 975 910 1068 praeterierit,
937 976 966 1045 si
989 973 1072 1066 quid
1096 975 1145 1044 rei
1170 995 1252 1045 suae
1283 977 1340 1045 vel
1363 975 1410 1045 la·

19 1157 21 1176 ,
73 1088 140 1158 bori
163 1089 220 1158 vel
244 1086 435 1158 industriae
457 1086 680 1156 tribuendum
704 1084 761 1169 sit,
788 1105 859 1153 non
885 1083 1059 1152 videbitur
1089 1083 1125 1152 in
1148 1084 1203 1154 his
1225 1086 1338 1155 tactus
1361 1085 1410 1156 di·

19 1185 21 1196 '
74 1196 158 1284 tior,
184 1205 219 1266 et
242 1195 279 1265 in
303 1193 424 1286 primis
447 1195 488 1280 si,
515 1200 553 1262 ut
576 1215 649 1262 rem
673 1191 787 1262 carius
821 1191 1040 1277 distraheret,
1067 1213 1144 1262 eam
1180 1190 1233 1261 sui
1269 1191 1410 1282 periculi

19 1329 20 1372 3
73 1302 148 1372 tecit
165 1305 248 1392 (hilp
268 1309 301 1371 ct
325 1301 354 1372 si
378 1300 473 1372 illem
494 1299 650 1386 donavit,
669 1305 705 1369 et
720 1297 879 1368 antidora
899 1296 1243 1386 (remunerationem)
1263 1298 1408 1389 accepit,

19 1443 21 1454 .
73 1407 105 1476 in
126 1409 191 1477 hoc
216 1410 329 1478 solum
354 1406 527 1476 videbitur
549 1407 662 1474 lactus
685 1402 788 1474 ditior
806 1405 888 1491 (tt).
917 1403 1005 1486 Quid
1028 1403 1057 1473 si
1081 1403 1127 1490 id,
1153 1403 1189 1474 in
1213 1425 1281 1497 quo
1298 1407 1411 1476 taetris

19 1541 21 1592 ς
72 1515 177 1586 tumet
198 1515 415 1605 locupletior,
440 1521 559 1604 postea
576 1513 606 1583 ei
623 1513 805 1602 depereat?
822 1517 858 1582 et
873 1512 901 1582 si
919 1534 964 1582 ex
981 1534 1023 1583 eo
1040 1513 1290 1603 patrimonium
1304 1534 1408 1584 suum

19 1635 21 1710 ξ
72 1627 223 1707 auxerat,
250 1642 321 1690 non
346 1619 521 1690 videbitur
543 1621 655 1690 tactus
677 1615 893 1708 locupletior,
919 1625 956 1688 et
982 1620 1124 1709 planum
1142 1627 1194 1690 est
1212 1621 1294 1709 (Ἠ),
1311 1641 1411 1691 secus

19 1787 21 1798 .
72 1725 97 1794 si
118 1747 187 1796 non
211 1726 388 1812 diminuit,
414 1726 539 1818 quippe
562 1726 646 1795 elias
669 1725 711 1795 de
735 1745 797 1796 suo
814 1723 1050 1814 impensurus
1069 1727 1125 1796 vel
1141 1733 1410 1816 consumpturus

19 1885 20 1896 .
72 1831 185 1902 luisset
214 1834 298 1921 (td).
326 1835 395 1922 nge
419 1833 540 1920 modo,
566 1831 625 1924 qui
649 1837 684 1902 et
707 1853 781 1902 rem
805 1833 1005 1922 ademptam
1033 1833 1101 1920 (vel
1123 1831 1286 1922 pretium)
1313 1832 1410 1904 resti-

19 2027 20 2030 ,
71 1941 143 2026 tuit,
168 1949 204 2011 et
228 1941 262 2011 id
286 1942 377 2033 quod
400 1941 557 2026 interest,
583 1940 612 2010 is
635 1941 678 2010 ad
701 1940 949 2032 aequalitatem
975 1939 1142 2029 restituit,
1180 1941 1262 2032 quid
1291 1942 1407 2032 igitur,

70 2046 96 2114 si
115 2069 158 2116 cx
181 2069 223 2117 ea
247 2047 454 2118 naturaliter
483 2046 612 2138 aliquid
647 2045 734 2116 lucri
769 2045 915 2132 lecerit,
952 2047 1044 2138 quod
1071 2046 1233 2116 dominus
1255 2051 1411 2119 tecturus

71 2215 147 2288 osez,
162 2217 216 2288 n,
233 2217 274 2289 u,
290 2218 342 2290 23,
360 2215 388 2291 1,
407 2217 519 2288 sarm,
533 2217 623 2290 13,1‚
637 2215 700 2294 n).
759 2235 827 2276 oum
849 2215 988 2293 periculo
1010 2217 1164 2278 incidendi
1187 2217 1219 2276 n
1252 2217 1406 2292 redonen
1437 2190 1439 2199 ⁴

20 2323 21 2328 .
72 2295 109 2354 tt
122 2296 148 2354 si
161 2315 259 2372 neque
274 2297 493 2373 patrimonium
506 2297 702 2366 suumeuxit,
760 2295 827 2355 ideo
855 2298 882 2355 si
909 2297 1068 2372 pecuniam
1102 2295 1256 2356 furtivam
1289 2297 1409 2358 foenori

18 2383 21 2454 ᾗ
71 2391 157 2449 neque
177 2377 337 2448 diminuit,
357 2395 414 2435 non
432 2377 587 2438 videbitur
603 2375 705 2436 factus
759 2377 892 2448 dederis,
918 2393 1028 2434 usuras
1050 2377 1220 2438 restituere
1245 2395 1304 2436 non
1321 2395 1410 2454 coge-

18 2455 20 2530 ζ
71 2453 158 2514 ditior
178 2473 219 2516 ex
241 2473 276 2516 re
297 2455 410 2528 aliena,
435 2461 520 2534 puta,
545 2457 625 2517 siin
648 2457 705 2516 im·

759 2456 815 2516 ris.
840 2457 881 2517 Et
903 2455 1106 2516 nihilominus
1128 2457 1252 2532 quidem
1282 2475 1321 2516 ex
1347 2459 1409 2518 No·

72 2535 162 2606 pensis
185 2536 393 2614 voluptuariis
413 2539 559 2612 erogavit
572 2533 647 2617 (stt.
665 2536 702 2596 L.

18 2643 20 2690 3
69 2611 124 2687 3‚§
145 2617 209 2675 Sed
230 2619 262 2674 si
283 2624 410 2685 mutua,
432 2615 478 2676 De
495 2619 531 2675 in
547 2635 616 2677 rent
636 2635 704 2676 ver·

18 2693 20 2750 3
72 2690 123 2770 so);
143 2696 288 2770 quamvis
309 2697 541 2772 dilapidaverit,
567 2698 704 2773 perdide·

72 2772 119 2844 rit,
141 2776 172 2833 in
194 2782 301 2853 turpes
324 2795 395 2834 usus
411 2779 636 2854 consumpserit
650 2776 701 2854 (L.

18 2859 20 2930 l
72 2850 114 2924 28,
137 2855 156 2930 5
179 2856 366 2925 Consuluit,
388 2855 434 2916 Dc
455 2857 548 2916 Petit.
574 2858 705 2924 hered.;

18 2935 19 2972 ³
71 2929 159 3008 Lugo,
176 2936 279 3006 XVII,
298 2935 359 3014 18);
376 2939 567 3010 nequeenim
585 2943 705 3014 specta·

72 3017 126 3084 tur,
148 3033 185 3073 an
208 3017 301 3086 bon),
322 3017 373 3078 sed
402 3033 441 3074 an
472 3017 562 3076 lucro
588 3017 705 3078 domini

18 3161 20 3172 Ι
71 3097 230 3155 accesserit
244 3099 321 3171 quod
337 3101 549 3174 consumptum
564 3101 612 3156 est
626 3095 701 3175 (ott.

18 3179 20 3236 t
71 3169 103 3229 L.
117 3173 146 3244 3,
169 3173 366 3252 §.veneant
392 3179 493 3251 Atque
514 3177 581 3235 ideo
603 3177 704 3253 isqui

18 3321 19 3326 .
58 3267 98 3324 ,se
117 3255 214 3312 solum
237 3257 380 3316 heredem
396 3255 604 3326 existimavit,
622 3257 703 3316 nihil

70 3347 104 3388 ex
123 3332 170 3393 his
191 3335 224 3393 in
247 3337 419 3412 portionem
436 3353 520 3395 suam
537 3337 703 3412 imputabit

70 3411 136 3488 (cit.
152 3414 188 3473 L.
206 3415 258 3486 23,
275 3414 419 3493 §Adest
444 3417 533 3486 Quid,
557 3417 583 3475 si
598 3434 638 3475 ex
654 3435 702 3493 pe·

18 3545 20 3550 .
72 3493 150 3551 cunia
177 3496 284 3554 aliena
311 3496 340 3554 ei
367 3495 480 3569 solvit,
510 3513 598 3571 quem
623 3495 704 3556 falso

18 3583 20 3644 ᾗ
69 3572 245 3635 creditorem
258 3573 472 3635 existimavitl
485 3578 596 3652 Utique
607 3575 704 3636 ditior

71 3647 162 3712 iectus
184 3657 354 3727 videbitur,
378 3657 450 3731 quie
472 3656 602 3715 indebiti
617 3673 703 3733 repe·

18 3809 19 3812 ¹
71 3729 204 3792 titionem
226 3737 320 3795 habet
341 3735 416 3818 (Git.
441 3735 479 3796 L.
503 3739 533 3806 3,
558 3735 621 3794 Sed
643 3739 704 3796 etri

72 3814 215 3892 erravit);
238 3816 290 3873 sed
311 3817 339 3874 si
359 3817 517 3890 pecuniam
541 3833 627 3874 suem
650 3835 702 3892 pu-

70 3892 154 3964 tarit,
170 3895 309 3956 actiones
326 3897 432 3954 cedere
444 3899 546 3972 potest
560 3895 620 3976 (En
635 3897 699 3958 ort.

18 3957 19 3974 ²
71 3966 103 4027 L.
123 3971 152 4044 3,
173 3974 290 4048 §nee
311 3975 439 4053 urceo).

122 4051 184 4134 (20)
206 4053 269 4113 LL.
284 4053 334 4128 32,
351 4055 401 4126 62,
420 4055 515 4113 DeR.
533 4053 699 4128 V.,·Moli.,

71 4125 103 4218 Il.
114 4132 567 4218 721.·Rei(Lugo,XVlI,19);
578 4141 699 4208 uteeoe,

69 4222 93 4265 sr
111 4213 242 4275 vitulum
265 4217 419 4276 furtivum
441 4215 656 4290 saginaveris;
674 4217 702 4275 si

18 4325 20 4368 3
72 4285 98 4344 in
117 4307 148 4350 re
167 4295 271 4355 aliena
292 4295 410 4370 aliquid
432 4295 618 4370 impenderis
633 4313 702 4355 con·

18 4389 19 4394 ¹
70 4377 229 4434 servandae
250 4376 317 4435 eius
331 4393 435 4449 causa3
450 4375 476 4436 si
491 4391 559 4432 earn
574 4375 638 4434 elio
649 4377 702 4435 ad·

71 4455 196 4527 vexeris,
219 4461 251 4514 et
269 4451 376 4515 'carius
398 4455 584 4515 vendideris.
607 4455 701 4514 Etin

68 4531 177 4599 nrimtr
198 4540 240 4606 si,
253 4541 312 4596 etc.
330 4533 393 4614 (ux
409 4539 463 4596 eit.
481 4533 518 4593 L.
535 4533 599 4612 62),
613 4541 698 4611 pute,

18 4633 19 4638 ¹
72 4605 95 4663 si
113 4627 174 4672 rem
195 4615 280 4675 iurto
300 4619 438 4677 ablatem
453 4616 620 4674 adveneris
640 4616 704 4674 dis·

71 4689 244 4756 trahendam
273 4711 331 4772 quo
361 4697 427 4756 loeo
455 4694 584 4772 plurimi
611 4698 699 4766 erat,

760 2535 837 2595 stris
862 2540 984 2613 putant,
1014 2535 1204 2595 industriae
1235 2537 1409 2598 venditoris

758 2615 956 2674 tribuendum
978 2633 1046 2674 esse
1069 2615 1111 2686 id,
1135 2617 1212 2692 quod
1235 2616 1335 2691 pluris
1357 2636 1406 2676 su·
1497 2623 1502 2636 '

760 2711 816 2770 pra
838 2697 971 2754 medium
1002 2697 1135 2770 pretium
1162 2695 1311 2758 vendidit.
1343 2699 1409 2763 Quo

760 2776 838 2846 iure,
856 2775 961 2834 sodesl
977 2775 1066 2845 Quid,
1085 2775 1110 2834 si
1128 2780 1248 2852 emptor
1263 2776 1328 2852 ipse
1339 2795 1409 2853 pre-

759 2855 838 2914 tium
860 2872 1013 2912 summum
1035 2855 1186 2916 obtulerit
1213 2853 1266 2934 (V.
1293 2855 1329 2915 L.
1355 2857 1405 2930 25,

760 2934 807 2995 De
824 2935 920 2994 Petit.
944 2933 1098 3012 Hered.)l

819 3013 885 3096 (21)
907 3015 943 3074 L.
961 3015 1010 3085 28,
1029 3016 1048 3089 ἓ
1064 3015 1251 3084 Consuluit,
1266 3015 1401 3078 Eodem.

759 3097 908 3164 -Sotnm,
923 3096 996 3172 quia
1011 3095 1129 3170 speeies
1143 3095 1225 3154 lucri
1241 3101 1301 3167 est,
1318 3098 1407 3156 bene·

759 3173 825 3234 ficii
840 3175 1012 3234 debitorem
1035 3176 1094 3234 sibi
1109 3178 1272 3250 acquirere
1286 3176 1336 3255 (L.
1355 3177 1405 3252 56,

759 3255 806 3315 De
827 3251 951 3330 Fert).

819 3335 885 3415 (22)
906 3337 954 3395 Ex
976 3337 1031 3394 cit.
1050 3334 1068 3408 ἓ
1085 3335 1272 3394 Consuluit.
1297 3337 1405 3396 Veluti

759 3417 785 3475 si
807 3433 846 3474 ex
863 3416 963 3491 pretio
979 3417 1026 3474 rei
1042 3415 1163 3474 alienae
1180 3434 1301 3474 nomen
1316 3417 1403 3487 lecit,

759 3497 811 3554 vel
828 3495 997 3572 praedium,
1011 3497 1132 3554 domurn
1145 3497 1239 3568 emit;
1257 3496 1284 3554 si
1298 3504 1406 3572 postea

758 3576 880 3634 debitor
904 3575 1051 3633 solvendo
1072 3591 1139 3634 esse
1154 3575 1296 3648 desierit,
1313 3592 1401 3652 prae-

758 3657 842 3713 dium
863 3655 1074 3728 inundatione,
1091 3656 1197 3714 domus
1213 3661 1404 3715 terraemotu

758 3735 899 3810 perierit.

818 3814 884 3894 (23)
905 3814 942 3872 L.
962 3813 1017 3885 18,
1048 3813 1138 3876 duod
1160 3822 1265 3872 metus
1287 3831 1401 3875 causa.

758 3895 851 3967 Puta,
875 3896 902 3954 si
924 3893 1011 3953 eunti
1033 3895 1071 3951 ed
1087 3894 1247 3962 nundinas,
1266 3891 1403 3952 frumen·

757 3983 824 4035 tum
860 3974 1002 4033 familiae
1037 3974 1245 4032 necessarium
1284 3974 1403 4032 emendi

758 4073 851 4114 causa
873 4072 939 4114 eum
963 4053 1092 4129 pecunia
1113 4069 1172 4112 nou
1192 4053 1359 4122 sua,·lraec
1374 4055 1405 4112 ei

758 4139 901 4210 surrepta
923 4133 1032 4204 inerit;
1050 4132 1100 4190 vel
1115 4137 1252 4208 emptum
1268 4130 1403 4190 trumen-

757 4219 822 4274 tum
845 4221 952 4290 postee
967 4212 1065 4270 fuerit
1080 4223 1270 4287 corruptum,
1285 4211 1336 4270 vel
1353 4229 1403 4270 er·

758 4295 846 4364 serit3
872 4310 940 4350 nem
964 4292 1046 4351 alias
1061 4291 1218 4368 pecuniam
1235 4309 1321 4352 susm
1336 4309 1404 4350 ero·

758 4381 862 4450 gesset
876 4373 926 4452 (L.
943 4373 974 4443 3,
986 4372 1006 4445 ἓ
1020 4371 1124 4440 Unde,
1134 4371 1180 4430 De
1197 4374 1235 4430 in
1250 4390 1320 4430 rem
1333 4391 1404 4431 ver·

757 4451 814 4530 sol:
839 4453 877 4523 si,
901 4469 969 4510 curn
992 4451 1112 4510 laribus
1135 4455 1268 4524 careret,
1282 4452 1404 4510 domum

757 4535 816 4594 sibi
839 4530 1046 4607 comparavit,
1070 4549 1149 4606 quae
1164 4539 1270 4607 postea
1284 4538 1404 4591 terrae·

758 4619 841 4673 motu
864 4611 984 4671 corruit
1005 4609 1066 4692 (Ex
1089 4611 1144 4672 cit.
1168 4607 1319 4688 §Undel
