3434 5142
288 213 354 283 tta
438 235 527 282 maan
545 237 591 283 ru.
607 253 628 264 -
644 237 760 284 rnscr.
780 237 816 284 ιι.
835 237 899 283 ιιι.
919 236 963 284 ιιι.
983 237 1023 283 na
1039 235 1276 284 conrnscrraus
1293 237 1486 284 ntanroans

287 344 382 410 rator
405 340 556 428 locuples
578 337 624 408 sit
649 339 708 428 (5).
730 340 883 410 Pretium
902 338 1018 428 (vulgo
1038 341 1255 428 praemium)
1282 346 1335 409 cst
1358 339 1391 410 id
1414 340 1513 431 quod
1538 340 1638 409 datur

288 447 345 532 vel
368 445 584 537 promittitur
607 447 652 532 ei,
677 448 737 540 qui
760 445 952 538 periculum
975 445 1012 515 in
1035 465 1072 516 se
1096 447 1255 538 suscipit,
1280 449 1355 518 sive
1376 449 1488 520 semel
1522 450 1635 533 detur,

289 571 351 622 seu
374 554 561 643 praestatio
585 554 631 624 sit
653 575 783 652 annua,
801 552 858 624 vel
881 559 1073 623 menstrua.
1093 555 1245 624 Pretium
1270 555 1371 626 dehet
1386 573 1463 627 esse
1487 555 1635 642 iustum,

162 665 166 672 '
287 659 376 730 idest
397 663 540 752 aequale
576 661 744 752 periculo:
770 667 818 748 et,
844 659 910 731 nisi
945 661 1019 751 lege
1041 666 1103 731 aut
1125 661 1280 732 moribus
1305 668 1468 732 taxatum
1491 662 1558 749 sit,
1587 685 1636 734 ar·

287 767 390 839 nitrio
415 768 495 839 boni
520 767 587 838 viri
610 767 787 840 aestimari
811 767 924 854 debet,
943 787 1004 858 pro
1028 767 1146 838 valore
1170 789 1301 856 rerum,
1317 777 1354 840 et
1375 768 1559 860 gravitate
1581 791 1634 861 pe

287 873 385 945 riculi
411 877 471 964 (6).
498 881 541 946 Et
563 875 591 944 si
615 875 681 944 hoc
704 877 805 964 longe
839 872 979 964 gravius
1002 873 1048 942 sit
1069 895 1174 966 quam
1211 875 1409 966 promissor,
1434 881 1500 946 aut
1534 877 1635 967 longe

285 982 399 1053 levius
421 1003 525 1074 quam
549 981 730 1072 stipulator
752 979 941 1076 existimet,
959 981 1107 1050 alterum
1132 979 1315 1052 certiorem
1340 981 1454 1051 iacere
1480 988 1632 1072 oportet,

34 1171 37 1178 ¹
285 1087 383 1179 quasi
407 1091 498 1158 esset
520 1087 573 1157 rei
606 1085 733 1156 vitium
756 1085 917 1176 emptori,
942 1091 1003 1154 aut
1036 1085 1097 1156 dos
1121 1087 1292 1156 venditori
1325 1088 1461 1156 occulta
1489 1087 1554 1174 (7).
1584 1087 1635 1156 stt

155 1236 156 1239 =
285 1199 404 1264 antem
427 1191 643 1264 adsecuratio
668 1213 798 1279 rerum,
823 1198 859 1262 et
882 1211 1121 1282 personarum

346 1301 422 1370 aad.
450 1305 577 1370 lterum
600 1298 652 1386 tit,
677 1319 758 1368 cum
793 1297 972 1368 internos
1006 1297 1185 1386 convenit,
1210 1303 1251 1368 ut
1273 1299 1301 1368 si
1336 1301 1426 1391 quod
1458 1299 1632 1369 danmum

284 1405 322 1475 in
347 1407 433 1476 meis
457 1406 558 1476 rebus
591 1405 788 1495 contigerit,
812 1411 853 1474 ut
887 1409 969 1495 puta
1004 1405 1048 1474 ob
1071 1406 1263 1496 naufragia,
1288 1405 1554 1491 inundationes,
1581 1406 1630 1475 in·

284 1512 419 1599 cendia,
444 1534 465 1582 a
488 1517 523 1582 te
558 1511 737 1582 sarciatur.
766 1511 920 1581 Pericula
954 1517 1084 1596 autem,
1111 1511 1139 1580 si
1164 1532 1218 1582 res
1252 1511 1403 1602 perierit,
1441 1511 1632 1601 promimur

285 1625 460 1708 praestare
494 1619 609 1704 debet,
633 1638 722 1710 quae
745 1639 786 1688 eo
821 1637 903 1688 casu
937 1617 1080 1689 fortuito
1115 1619 1325 1709 contingunt
1347 1620 1403 1689 vel
1439 1619 1477 1688 in
1503 1640 1546 1689 ea
1583 1621 1629 1689 rei
1676 1691 1681 1700 ,

284 1731 404 1815 parte,
430 1747 450 1796 a
475 1745 543 1816 qua
577 1725 821 1816 stipulatores
850 1725 1019 1794 redimere
1047 1726 1161 1796 voluit
1186 1725 1245 1814 (8).
1272 1731 1315 1797 ut
1343 1727 1371 1796 si
1400 1747 1536 1797 merces
1572 1748 1628 1796 ve-

282 1831 413 1902 hendas
435 1837 634 1922 susceperat
666 1837 758 1901 terra
783 1830 928 1918 marive,
955 1830 1021 1902 nisi
1047 1851 1101 1902 res
1124 1832 1329 1904 aestimatae
1353 1832 1499 1920 fuerint,
1528 1834 1628 1904 aesti-

283 1939 390 2007 matio
413 1937 570 2007 iacienda
594 1937 743 2008 esicius
766 1937 840 2007 loci.
867 1937 1008 2029 eiusque
1042 1939 1208 2028 temporis
1242 1939 1278 2008 in
1308 1961 1376 2032 quo
1399 1939 1544 2010 traditio
1576 1961 1627 2010 aa·

284 2063 362 2112 rum
385 2041 425 2112 fit
451 2045 511 2131 (9).

343 2149 419 2218 tol.
449 2147 576 2218 Deinde
601 2147 755 2238 personis
777 2149 894 2219 caveri
923 2156 1046 2239 potest.
1074 2155 1117 2220 Et
1142 2153 1209 2220 hoc
1233 2149 1272 2220 fit
1305 2149 1462 2222 maxime
1498 2154 1629 2223 duobus

283 2256 413 2344 medie,
438 2257 550 2344 primo
573 2276 654 2330 cum
678 2256 794 2342 alicui,
813 2259 902 2327 forte
925 2242 992 2326 iter
1014 2257 1143 2346 agenti,
1162 2263 1357 2348 praestatur
1378 2259 1553 2329 transitus
1572 2281 1629 2351 per

280 2361 355 2432 loca
390 2361 551 2450 periculis
577 2365 624 2450 (v.
652 2383 702 2448 c.,·
725 2361 914 2446 latronum,
939 2363 1152 2452 belluarum)
1177 2362 1333 2454 exposita
1360 2365 1442 2452 (40).
1471 2365 1627 2436 &mindo

281 2469 416 2558 quoties
449 2473 595 2538 cavetur
617 2467 660 2538 de
693 2470 837 2539 damnis
872 2489 961 2561 quae
988 2468 1061 2556 tihi,
1088 2469 1143 2539 vel
1179 2471 1291 2556 alteri,
1316 2476 1441 2560 utputa
1475 2473 1627 2563 coniugi,
1707 2483 1708 2488 ’

281 2573 408 2660 liberis,
434 2575 635 2664 contingere
659 2581 803 2665 possunt
825 2575 864 2644 ob
887 2585 1044 2662 mortem,
1072 2577 1129 2646 vel
1154 2575 1259 2646 aliurn
1283 2597 1545 2670 quemeumque
1577 2599 1628 2650 ca-
1707 2571 1708 2576 ’

281 2701 373 2767 sum,
400 2683 497 2751 velut
521 2681 774 2768 infirmitatem,
800 2685 982 2752 adversam
1007 2683 1197 2769 fortunam,
1222 2689 1414 2771 senectam,
1440 2687 1626 2776 etc..(ll).

340 2989 387 3070 (5)
408 2993 488 3066 Sot,
511 2991 567 3065 Vl,
589 2991 620 3062 6,
644 2993 716 3052 Art.
734 3009 799 3064 un.;
823 2991 926 3064 Moli,
980 2993 1015 3052 G.
1040 2991 1157 3052 Gomm.
1183 2995 1235 3066 (t.,
1258 2993 1329 3062 359,
1350 2993 1412 3055 420
1433 2995 1454 3070 ἓ
1476 2996 1506 3056 3.
1533 2997 1626 3057 Exca-

279 3073 317 3132 D.
342 3071 421 3146 cot,
445 3074 573 3144 Bonae,
597 3072 644 3132 De
666 3071 790 3141 Gootr„
811 3073 847 3131 D.
868 3070 925 3143 ΙΙΙ,
980 3073 1044 3148 ptis
1058 3071 1178 3132 damnis
1190 3073 1243 3148 qui
1257 3092 1296 3132 ex
1308 3074 1624 3152 culpastipulatoris,
1707 3093 1708 3098 ’

280 3154 316 3220 Q.
339 3151 380 3222 X,
405 3152 441 3210 P.
455 3153 485 3225 3,
511 3172 541 3212 n.
560 3154 590 3213 4.
615 3153 661 3212 Ex
683 3151 717 3212 Ο.
734 3153 850 3212 comm.
871 3151 924 3223 lt.,
981 3152 1033 3211 vel
1047 3169 1163 3224 eorum,
1184 3155 1293 3229 quibus
1314 3155 1493 3230 mandavit,
1510 3157 1626 3217 contin·
1707 3167 1708 3174 ’

278 3236 318 3294 A.
335 3231 413 3303 4333
430 3233 480 3304 (t.,
494 3233 566 3294 346.
575 3232 747 3308 Locuples,
757 3230 850 3300 idest,
870 3249 927 3308 par
980 3231 1085 3307 gerint
1096 3233 1148 3291 vel
1169 3251 1208 3291 ex
1226 3234 1306 3294 vitio
1327 3237 1387 3303 rei,
1404 3239 1518 3295 cutax
1534 3237 1622 3308 bello,

279 3312 426 3373 solvendo
448 3313 526 3386 quod
547 3313 704 3390 promisit,
729 3313 754 3370 si
778 3327 829 3370 res
858 3329 928 3390 per·
979 3315 1033 3370 eut
1068 3313 1219 3372 seditione
1247 3313 1390 3391 populari
1420 3315 1470 3393 (0.
1506 3317 1622 3376 Gomm.
1706 3359 1708 3392 ,

278 3393 380 3453 iisset.
403 3391 481 3458 Quid
512 3392 540 3450 si
561 3393 677 3468 partim
701 3391 838 3467 locuples
869 3393 924 3460 sit,
980 3391 1035 3464 It.,
1058 3411 1088 3452 n.
1112 3391 1195 3470 434).
1706 3393 1708 3474 (

278 3489 317 3530 an
339 3472 451 3531 saltem
466 3475 588 3549 partem
603 3471 698 3547 pretii
713 3471 841 3547 exigere
860 3489 927 3548 pos·
1038 3469 1085 3550 (9)
1106 3472 1142 3533 d.
1167 3473 1286 3533 Gomm.
1308 3471 1364 3546 Its,
1387 3474 1464 3549 4533
1488 3478 1543 3548 (t.,
1556 3477 1620 3540 339.
1706 3477 1708 3570 (

278 3552 341 3612 siti
352 3551 519 3611 Affirmant
531 3550 653 3610 Rebell.
679 3548 748 3610 Lib.
764 3549 813 3622 16,
826 3553 861 3618 Q.
872 3571 923 3612 un.
980 3552 1074 3614 Seeus
1083 3569 1120 3612 sc
1130 3553 1239 3614 Nostri
1250 3553 1326 3612 olim
1336 3555 1486 3615 docuere:
1504 3558 1623 3618 scilicet

281 3630 349 3710 ΙΙ),
372 3631 488 3690 Bonae.
511 3631 581 3712 (cit.
600 3648 630 3689 n.
654 3634 673 3690 4
712 3635 744 3690 et
769 3631 923 3709 Roncagl.
978 3632 1623 3711 adsecurationibuslucrostipulatorisca·

276 3710 398 3789 (Tract.
415 3711 501 3780 XIV,
526 3713 561 3778 Q.
581 3710 630 3782 10,
654 3711 728 3786 Gap.
747 3711 777 3782 3,
804 3711 836 3769 in
864 3711 923 3789 a).
977 3729 1052 3772 vere
1073 3712 1207 3771 vetitum
1228 3715 1279 3772 est
1311 3713 1470 3784 Dalvinc.,
1497 3715 1574 3776 Cod.
1589 3719 1624 3776 dt

277 3791 404 3866 Negant
424 3791 548 3851 Banner
568 3790 612 3870 (2,
629 3792 660 3864 2,
684 3791 736 3862 78,
759 3790 802 3870 4),
817 3791 923 3852 Salon.
979 3793 1114 3862 Comm„
1136 3792 1167 3850 t.
1191 3800 1227 3860 t.,
1247 3809 1277 3850 ιι.
1321 3791 1367 3931 {ik

276 3868 337 4010 (199
364 3871 472 3931 Contr.
500 3873 667 3943 Assecur„
694 3873 766 3932 Art.
796 3872 828 3944 2,
856 3889 925 3930 con·
1038 3871 1331 3953 (10)Azor.,P.III,
1370 3873 1410 3932 ib.
1420 3873 1479 3944 XI,
1489 3874 1565 3953 Gap.
1575 3875 1620 3944 ts,

297 3951 333 4011 it.
365 3949 414 4030 3),
449 3953 584 4027 aliique:
608 3969 738 4027 quorum
768 3951 925 4010 sententia
977 3953 1007 4014 d.
1030 3952 1060 4012 6.

277 4031 330 4090 vel
341 4029 402 4106 ipsi
414 4032 589 4090 Bonacinae
600 4031 852 4108 probabilissima
862 4035 921 4091 est.
1036 4031 1103 4114 (ΙΙ)
1123 4034 1230 4104 Aaou,
1254 4033 1283 4091 d.
1315 4033 1345 4104 8,
1368 4051 1399 4092 v.
1425 4031 1557 4110 Opinio.
1583 4036 1621 4097 [a

275 4109 317 4170 Et
338 4111 404 4168 iure
434 4128 581 4186 prorsus;
605 4111 677 4187 quid
709 4111 791 4170 anim
814 4111 842 4172 si
873 4128 924 4170 res
976 4130 1047 4172 acce
1068 4113 1096 4172 si
1111 4113 1208 4183 Titio,
1222 4127 1290 4172 cum
1312 4111 1393 4171 nihil
1413 4113 1447 4172 in
1461 4115 1551 4175 bonis
1572 4113 1621 4175 ha·
1706 4123 1708 4170 ἴ

275 4191 345 4250 tota
366 4190 530 4266 periissett
976 4193 1058 4262 beat,
1082 4195 1208 4268 praeter
1228 4191 1413 4268 stipendium
1436 4211 1477 4252 ex
1500 4211 1621 4255 munere
1706 4191 1708 4220 Ι

336 4267 382 4346 (6)
402 4271 510 4341 Azor.;
539 4270 639 4342 Lesa,
662 4267 714 4338 28,
742 4269 799 4344 24;
822 4270 921 4348 Lago,
976 4273 1110 4349 publico,
1122 4273 1306 4332 crediderim
1323 4277 1445 4332 centum
1458 4277 1620 4350 postqum·

279 4347 397 4418 XXXI,
420 4350 471 4410 94.
976 4352 1141 4427 quennium
1157 4353 1379 4426 restituendos;
1395 4354 1467 4413 dein
1489 4354 1617 4426 veritus,

335 4425 380 4506 (7)
391 4428 492 4506 Lago,
506 4409 623 4499 XXXI,
640 4428 691 4500 973
704 4429 832 4500 Bonae,
847 4429 867 4488 l.
881 4448 922 4501 c.,
977 4449 1014 4490 ne
1036 4437 1108 4491 ante
1138 4433 1303 4503 moriatur,
1330 4449 1421 4507 quam
1455 4433 1618 4495 restituere

275 4525 305 4566 n.
330 4510 367 4578 43
391 4510 428 4568 V.
453 4510 488 4568 0.
512 4510 629 4570 Oomm.
654 4507 709 4580 It,
733 4509 803 4581 429,
828 4509 898 4570 430.
974 4515 1084 4588 possit,
1107 4511 1176 4570 dem
1209 4511 1280 4572 Seio
1301 4511 1341 4573 50
1361 4529 1399 4571 aa
1420 4512 1504 4590 lego,
1527 4519 1571 4587 ut,
1591 4515 1615 4573 si

335 4584 382 4664 (8)
401 4588 506 4647 aru.
523 4588 553 4659 3,
571 4588 606 4647 Ο.
623 4587 670 4647 De
690 4591 793 4648 Nam.
818 4591 922 4664 seeo.,·
975 4591 1078 4652 Titius
1087 4594 1159 4650 anta
1174 4590 1204 4650 id
1214 4597 1336 4670 tempus
1350 4595 1483 4652 mortem
1494 4593 1613 4666 obierit,
1699 4571 1708 4717 1
