3430 5122
307 47 325 87 t

272 229 338 300 5Ιὸ
397 241 494 301 11161111
504 253 550 299 111.
563 269 583 282 -
594 253 710 301 711607.
729 255 764 301 tl.
783 257 846 303 tlt.
866 257 896 304 V.
916 259 956 304 DE
969 257 1077 306 uertat.
1097 259 1272 307 voluntas.
1292 261 1398 306 acela.
1418 261 1488 309 ETC.

273 353 398 422 terales
422 352 545 443 prioris
568 355 698 424 ordinis
722 357 833 444 ultra,
858 357 939 430 inde
962 359 1070 430 ceteri
1099 359 1312 430 collaterales
1335 361 1441 450 infru
1472 367 1627 434 sextum

274 460 440 548 gradum?
463 466 583 530 utrum
607 462 643 531 hi
667 463 869 552 succedant,
894 464 1019 557 quippe
1043 465 1134 536 inira
1158 471 1299 537 sextum
1323 469 1466 556 gradum
1496 469 1621 540 consi·
1695 489 1697 530 ι

273 573 384 655 60661,
410 588 456 637 66
481 568 610 655 minus,
636 571 730 661 quia,
755 569 821 640 illis
845 573 1046 642 extantibus
1069 573 1161 644 inira
1177 573 1364 662 decimum,
1383 595 1453 645 non
1468 575 1624 666 titipso-
1695 653 1696 656 ¹

271 697 349 746 rum
373 677 583 748 successioni
607 676 723 748 locust
749 672 899 748 lltlicet
922 680 988 749 hoc
1012 680 1101 750 torte
1125 702 1170 750 ex
1186 680 1377 752 subtilitate
1394 683 1479 753 iuris
1496 683 1625 754 verius
1695 743 1697 780 :

271 780 327 866 sit,
354 780 505 871 primum
529 787 651 852 tamen
675 783 776 906 longe
799 786 945 876 aequius
968 785 1171 907 puta-,quia
1196 786 1338 876 perinde
1354 793 1418 872 est,
1437 808 1478 858 ac
1494 788 1523 858 si
1541 809 1623 860 non
1695 839 1697 886 :

270 893 435 960 extarent
457 889 671 963 collaterales
693 891 818 981 prioris
840 892 983 979 ordinis,
1011 893 1071 984 qui
1097 915 1174 964 non
1192 895 1394 964 succedunt.
1695 971 1697 998 1

331 995 406 1064 581.
428 994 581 1087 Denique
605 997 634 1066 si
658 1017 772 1089 neque
796 997 1058 1086 descendentes,
1086 1021 1199 1092 neque
1215 1000 1477 1086 adscendentes,
1496 1023 1620 1116 neque
1695 1019 1697 1032 ’

268 1101 413 1186 coniux,
439 1121 554 1193 neque
580 1103 653 1188 ulli,
678 1107 740 1172 ant
762 1105 853 1174 ultra
877 1104 1052 1175 decimum
1069 1106 1226 1194 gradum,
1245 1101 1458 1176 collaterales
1473 1077 1620 1195 extent,

270 1210 332 1274 aut
355 1209 518 1276 extantes
541 1208 666 1294 nolint,
692 1211 749 1279 vel
773 1230 844 1279 non
868 1209 1001 1300 possint
1024 1211 1169 1280 heredes
1185 1229 1271 1296 esse,
1291 1211 1421 1280 caduca
1437 1210 1620 1282 hereditas

272 1309 368 1381 Fisco
393 1311 485 1382 cedit
503 1313 585 1402 (25),
612 1335 683 1384 666
707 1335 774 1406 qua
798 1315 971 1386 hereditas
994 1323 1060 1403 est,
1077 1317 1137 1386 sed
1152 1337 1221 1407 qua
1237 1316 1326 1387 bona
1343 1317 1507 1388 vacantia
1526 1319 1618 1406 (211),

271 1415 347 1486 ideo
370 1416 473 1488 fiscus
488 1417 607 1489 instar
629 1424 836 1492 successoris
859 1423 1076 1513 particularis
1101 1422 1261 1493 habetur.

835 1643 971 1710 CAPUT
999 1645 1040 1710 11.

640 1794 804 1842 cornuam
828 1795 1001 1853 uraroscua
1031 1795 1245 1844 snccassroms
1359 1803 1363 1811 ¹

450 1908 531 1974 har.
559 1910 583 1973 1.
611 1909 659 1974 Dc
682 1907 902 1997 acquirenda
927 1909 981 1977 cel
1003 1909 1198 1977 omittendo
1225 1906 1429 1977 hereditate.

329 2055 405 2125 582.
433 2057 476 2124 Ut
499 2055 672 2126 hereditas
694 2056 826 2146 acquiri
851 2057 907 2126 vel
931 2055 1130 2126 renunciari
1155 2057 1274 2148 possit,
1300 2078 1386 2147 opus
1402 2065 1468 2146 est,
1490 2059 1550 2146 l⁰.,
1569 2065 1610 2130 ut

268 2163 382 2234 delata
406 2163 524 2252 fuerit3
551 2163 717 2250 viventis,
742 2162 823 2255 quia
848 2163 942 2233 nulla
965 2163 1140 2234 hereditas
1170 2169 1243 2250 est,
1278 2185 1343 2234 nec
1374 2167 1606 2254 renunciatio,

270 2290 337 2339 nec
359 2271 553 2360 acceptatio
565 2265 769 2358 intelligitur
788 2269 852 2358 (l):'
864 2269 926 2355 2⁰,
944 2275 983 2338 ut
998 2269 1057 2361 qui
1073 2291 1150 2340 eam
1168 2270 1387 2356 renunciare,
1406 2271 1501 2340 adire
1518 2271 1605 2358 vult,
1695 2345 1697 2368 ξ

269 2380 316 2449 sit
338 2399 448 2469 capax
471 2377 659 2464 alienandi,
684 2383 720 2446 et
735 2377 953 2466 obligationis
968 2377 1238 2458 contrahendae:
1256 2377 1382 2468 quippe
1399 2378 1493 2449 illam
1511 2399 1608 2470 repu-
1695 2373 1697 2460 1

269 2483 409 2570 (110666,
435 2485 612 2568 elucere,-
636 2483 807 2570 adeundo,
833 2505 914 2554 eum
938 2483 1166 2554 creditoribus
1189 2482 1405 2553 hereditariis
1428 2491 1464 2553 et
1487 2487 1611 2575 legata·
1694 2517 1697 2666 (

270 2592 330 2662 riis
353 2595 456 2683 quasi
478 2591 688 2661 contrahere
710 2589 915 2680 intelligitur
933 2591 992 2679 (2).
1019 2596 1127 2682 utque
1151 2591 1305 2674 demum,
1322 2590 1395 2676 50,
1420 2596 1532 2662 totam
1549 2593 1606 2662 he·
1695 2669 1697 2698 Ι

270 2697 453 2768 reditatem
477 2701 646 2788 acceptet,
672 2697 728 2790 vel
752 2700 862 2766 totam
887 2696 1071 2766 renunciet
1089 2697 1149 2785 (5),
1176 2700 1213 2766 60
1235 2715 1333 2785 pure,
1360 2715 1432 2766 non
1448 2698 1513 2766 sub
1528 2719 1609 2768 con·
1695 2701 1697 2796 (

266 2804 400 2876 ditione
421 2803 548 2896 aliqua,
574 2823 640 2872 nec
663 2823 708 2872 ex
731 2800 798 2888 die,
826 2802 914 2872 vel
904 2823 942 2872 m
966 2801 1069 2872 diem.
1695 2799 1697 2838 ³

329 2913 405 2984 585.
432 2917 551 3002 ltaque
575 2909 775 3001 unicuique,
802 2909 1017 2998 regulariter,
1043 2908 1219 2998 integrum
1236 2915 1289 2979 est
1303 2908 1454 2981 delatam
1469 2912 1536 2982 sibi
1552 2913 1608 2983 he⁴
1696 2937 1697 2968 1

269 3021 453 3092 reditatem
479 3017 566 3108 (sive
589 3015 901 3101 testamentariam,
927 3013 1002 3084 sive
1025 3013 1228 3104 legitimam)
1248 3014 1441 3106 repudiare,
1460 3018 1517 3086 vel
1540 3017 1609 3087 adi·
1695 3079 1697 3114 ,

269 3149 306 3196 re
332 3127 391 3216 (1).
412 3127 454 3194 st
475 3123 627 3214 primum
650 3143 844 3208 aerumans,
862 3121 945 3190 dum
960 3141 1005 3191 ne
1027 3120 1109 3212 quid
1130 3141 1176 3190 ex
1199 3141 1239 3190 ea
1255 3127 1359 3191 antea
1383 3121 1607 3210 subtraxerit,
1695 3115 1697 3124 '

270 3231 326 3304 vel
342 3227 572 3301 occultaverit
589 3229 650 3318 (5).
676 3231 707 3297 ls
724 3227 782 3318 qui
806 3226 1034 3296 hereditatem
1052 3227 1286 3314 renunciavit,
1305 3227 1447 3318 perinde
1464 3227 1609 3299 habebar

329 3427 454 3520 (23)Α.
477 3425 548 3498 758,
572 3426 605 3486 0.
630 3427 681 3496 0.,
704 3424 775 3484 768.
793 3424 909 3484 Verum
963 3423 1180 3496 6660606106,
1204 3425 1257 3484 vel
1285 3424 1428 3484 familiae
1455 3427 1606 3498 consultor

268 3512 325 3570 hoc
347 3527 402 3568 nec
424 3508 492 3566 iure
514 3503 731 3584 communi<V.
747 3501 812 3563 LL.
831 3504 860 3575 l,
876 3504 906 3574 2,
964 3505 1002 3562 ab
1023 3503 1073 3562 bis
1094 3502 1147 3579 qui
1169 3505 1224 3562 snb
1245 3519 1331 3578 cura,
1363 3505 1432 3563 sine
1459 3511 1604 3565 curatore

270 3592 303 3650 0.
327 3589 374 3648 De
396 3588 506 3648 bared.
520 3584 667 3664 Decor.)
684 3601 739 3642 neo
755 3601 822 3644 rure
836 3583 909 3644 061
964 3583 1120 3660 acceptam
1133 3583 1240 3658 nequit
1250 3583 1328 3662 (LL
1342 3585 1372 3655 9,
1389 3582 1437 3655 ll,
1456 3585 1603 3648 Dedecet.

268 3670 329 3729 lico
350 3668 403 3750 (V.
426 3666 533 3738 Zach,
563 3664 683 3736 606,ιι
664 3661 769 3757 67),
802 3680 909 3740 perpe·
964 3672 1039 3730 060,·
1060 3665 1093 3724 O.
1118 3664 1168 3734 0.,
1192 3663 1262 3737 776,
1286 3663 1339 3737 10.,
1355 3627 1428 3736 226,
1445 3665 1517 3734 296,
1534 3665 1605 3736 050,

268 3753 365 3809 tuum
381 3752 439 3808 est.
474 3752 553 3822 Anno
555 3743 629 3818 1166,
659 3745 717 3804 boc
753 3745 819 3804 iure
848 3743 909 3802 filii
963 3743 1033 3814 931,
1058 3743 1141 3822 932).
1166 3742 1207 3803 Et
1226 3750 1402 3820 praeterea,
1426 3763 1466 3804 ex
1489 3743 1522 3806 0.
1554 3747 1602 3818 0.,

267 3828 443 3906 illegitimi,
479 3826 601 3896 coniux,
633 3823 736 3894 fiscus,
767 3823 909 3882 inventa·
963 3825 1001 3882 ab
1023 3822 1169 3884 uxoribus
1191 3822 1257 3882 sine
1279 3841 1428 3886 consensu
1442 3827 1563 3884 mariti.

268 3925 349 3968 rrum
360 3909 511 3966 conficere
522 3903 724 3984 debent(AA
736 3903 869 3974 769066
853 3899 906 3980 c..)
1035 3900 1068 3982 3)
1088 3902 1126 3962 L.
1149 3901 1201 3975 79,
1224 3904 1271 3962 De
1292 3904 1333 3963 A.
1355 3903 1401 3964 H.
1695 3961 1697 3978 ,

328 3983 909 4081 (252)n112.1,gntvcs,uezcre
1035 3983 1066 4062 4)
1089 3985 1123 4044 O.
1147 3983 1198 4054 0.,
1220 3983 1292 4044 775.
1317 3984 1357 4044 ct
1377 3986 1479 4060 patre,
1504 4001 1534 4043 r.
1559 4003 1596 4054 6.,

269 4067 372 4126 Fisei.
962 4067 1034 4123 ante
1065 4063 1321 4137 acceptationem,
1359 4067 1503 4136 mortuo,
1524 4063 1599 4122 iate·
1695 4067 1697 4098 ³

328 4145 374 4227 (l)
395 4147 432 4207 L.
456 4147 507 4218 21,
530 4147 549 4221 5
566 4143 594 4218 13
610 4145 647 4206 L.
663 4147 714 4215 27,
729 4145 776 4204 Dc
790 4144 831 4202 A.
847 4143 907 4211 Η.,·
962 4160 1052 4218 grum
1074 4147 1122 4204 est
1138 4142 1205 4202 6116
1219 4142 1428 4202 hereditatem
1443 4148 1598 4219 paternam

268 4225 305 4286 L.
330 4223 403 4300 610,
426 4227 461 4288 O.
485 4225 531 4286 De
552 4225 659 4296 Pact.,·
681 4225 714 4287 0.
740 4225 791 4297 0.,
825 4223 905 4296 791,
961 4237 1140 4298 agnoscere,
1164 4222 1250 4298 patri
1272 4220 1411 4282 delatam
1426 4224 1594 4299 repudiare:

268 4307 302 4367 0.
327 4307 380 4379 10.,
396 4306 466 4367 954.
483 4305 624 4368 Tametsi
638 4305 719 4366 falso
733 4310 833 4382 putea,
857 4304 906 4362 de·
961 4319 1020 4361 non
1042 4306 1151 4363 contra
1171 4302 1218 4380 (0.
1242 4301 1297 4376 10.,
1320 4301 1391 4373 940,
1407 4301 1500 4376 911,
1527 4305 1591 4369 Aa..

268 4385 367 4447 latam
395 4386 602 4446 hereditatam
628 4385 724 4445 fuisse
756 4383 904 4466 (Demol,
960 4379 1043 4460 551).

268 4465 354 4536 XVI,
378 4464 448 4536 351,
472 4463 555 4543 353).
1020 4461 1386 4556 (5101οΜ9530ηο
1399 4461 1473 4523 792.
1488 4463 1592 4527 Arma,

326 4545 359 4626 (2
360 4544 372 4623 )
394 4547 413 4622 5
428 4545 458 4619 5
469 4545 516 4605 De
532 4543 634 4620 Obtip.
651 4561 737 4621 quae
751 4547 850 4621 quasi
863 4561 905 4603 ecc
960 4557 1030 4601 nam
1042 4545 1070 4603 si
1084 4543 1202 4620 aliquid
1218 4543 1442 4603 interverterit
1453 4545 1520 4620 post
1532 4552 1593 4600 eam

266 4633 370 4687 66600
389 4624 567 4702 Etprobis,
585 4623 699 4701 qursub
710 4629 758 4685 tu
745 4624 904 4694 telasunt,
960 4623 1186 4696 renunciatam,
1210 4623 1312 4698 magis
1333 4621 1383 4681 tur
1406 4627 1455 4683 est
1476 4621 1525 4704 (L.
1545 4617 1591 4688 70,
