3404 5134
29 17 31 38 q
80 4 112 28 Ἠ.

29 147 33 260 l
459 209 563 256 carus
587 211 610 258 r.
636 209 718 265 outa
741 209 879 254 cannas
902 207 1018 253 runaxr
1364 187 1403 256 71

89 320 160 382 rtros
181 311 364 398 convenia
390 331 527 400 nempe,
554 311 586 379 ei
610 309 674 378 sub
696 309 794 398 gravi
819 309 1078 397 eleemosynam
1104 307 1298 377 taciendam
1318 328 1405 394 esse,

76 419 186 510 quiin
209 422 365 488 extrema
390 416 596 487 necessitate
620 423 672 486 est
695 415 907 486 constitutus
926 416 985 504 (7).
1013 413 1076 484 Sed
1100 419 1220 483 utrum
1250 413 1408 483 iacienda

86 523 122 592 sit
140 523 333 593 constitutis
356 517 396 592 iri
415 521 622 592 necessitate
646 521 830 620 dumtaxat
854 519 963 610 gravi,
991 526 1109 588 utrum
1132 519 1174 588 de
1203 518 1409 589 necessariis

28 605 34 742 1
87 649 234 718 personae
258 629 452 712 dumtaxat,
478 627 618 718 duplex,
644 631 680 694 et
702 633 848 717 utraque
873 627 1001 714 gravis,
1027 627 1200 696 sententia
1224 633 1277 696 est
1296 627 1354 716 (8).

28 745 33 850 p
134 735 183 804 st.
209 737 253 804 nt
284 755 368 804 veru
396 733 637 821 eleemosynas
667 731 702 801 hi
737 737 878 802 tantum
913 733 1027 802 iacere
1058 739 1221 822 possunt,
1251 733 1309 824 qui
1341 732 1408 818 rei,

28 855 31 934 )
85 861 174 932 quam
196 840 293 926 dant,
319 838 513 908 dominium
537 844 573 907 et
596 837 935 909 administrationem
960 839 1100 908 habent.
1129 846 1176 908 be
1192 839 1315 910 alienis
1331 839 1412 909 licet

28 939 31 1024 l
86 948 327 1036 eleemosynam
351 947 485 1015 tacere:
515 947 578 1030 l⁰.,
605 945 777 1016 tutoribus
803 951 839 1015 at
862 945 1080 1015 curatoribus
1107 948 1167 1035 (9),
1192 966 1253 1036 pro
1278 945 1411 1016 viribus

28 1091 31 1176 q
86 1052 285 1142 patrimonii,
311 1059 346 1122 et
375 1051 474 1121 iuxta
510 1051 799 1122 consuetudinem
835 1053 974 1138 domus,
1011 1075 1116 1144 quam
1151 1053 1407 1122 administrant.

87 1161 127 1228 2⁰.
150 1158 291 1246 Liberis,
317 1159 383 1244 5⁰,
409 1157 530 1246 uxori;
556 1160 623 1243 l⁰.,
642 1158 793 1228 famulis:
813 1181 936 1228 verum
953 1160 1006 1228 his
1022 1161 1104 1230 licet
1126 1161 1237 1230 solum
1254 1181 1299 1228 ex
1315 1181 1411 1249 prae-

28 1265 31 1354 ζ
85 1273 206 1356 sumpta
229 1265 362 1335 domini
387 1267 570 1336 voluntate
598 1268 679 1354 (10).
708 1267 771 1335 Sed
795 1266 859 1336 etsi
884 1267 913 1336 is
937 1267 1011 1338 illas
1033 1267 1260 1358 prohibuerit,
1286 1269 1314 1338 si
1339 1271 1410 1358 ipse

28 1391 31 1470 ξ
86 1395 151 1444 eam
172 1395 241 1474 npn
264 1374 362 1459 iacit,
388 1373 501 1442 adhuc
524 1372 606 1442 licet
628 1374 730 1442 uxori
754 1375 850 1465 quasi
875 1376 988 1444 sociae
1008 1377 1090 1466 (11),
1109 1375 1224 1444 liberis
1240 1375 1337 1467 quasi
1354 1376 1411 1446 do·

27 1489 30 1578 g
88 1479 177 1550 minis
194 1483 277 1571 (12);
305 1501 431 1570 nempe
455 1502 500 1549 ex
524 1479 614 1549 iusta
638 1499 762 1570 causa,
795 1487 930 1572 utputa,
956 1503 1037 1551 oum
1061 1481 1175 1572 agitur
1207 1483 1248 1550 de
1273 1483 1413 1552 calami·

86 1591 158 1674 tate,
180 1607 239 1658 seu
263 1583 448 1677 temporali
478 1606 539 1656 seu
569 1585 755 1676 spirituali,
781 1588 971 1660 avertenda
1000 1589 1081 1676 (13).
1114 1592 1157 1658 nt
1188 1588 1223 1658 in
1255 1595 1412 1658 extrema

87 1693 278 1764 necessitate
302 1691 384 1762 licet
406 1693 580 1778 omnibus,
606 1693 731 1763 ceteris
754 1693 910 1784 paribus;
937 1695 996 1764 sed
1020 1697 1060 1764 de
1082 1697 1145 1766 bac
1162 1695 1281 1764 serius.
1309 1702 1413 1764 Porro

27 1783 29 1876 ῗ
86 1799 222 1890 quaeda
246 1801 470 1887 eleemosyna
499 1797 668 1884 diximus,
699 1800 740 1868 de
769 1800 909 1890 reliquis
944 1800 1104 1890 operibus
1138 1799 1411 1886 misericordiae,

86 1925 137 1976 suo
158 1905 271 1992 modo,
296 1905 484 1975 dicendum
507 1905 570 1974 est.
599 1905 757 1990 Proinde,
783 1905 811 1974 si
835 1906 974 1997 aliquod
991 1909 1122 1976 malurn
1142 1907 1413 1997 immineatpro·

27 2063 29 2088 ,
87 2010 179 2098 ximo,
204 2012 297 2106 quod
320 2034 381 2102 per
403 2032 467 2082 nos
489 2013 601 2082 averti
627 2019 740 2102 potest
763 2013 838 2082 sine
863 2014 1083 2084 incommodo
1108 2015 1222 2105 gravi,
1252 2021 1412 2085 averten-

27 2129 34 2218 ’ζ
87 2117 157 2188 dum
178 2127 247 2188 est:
272 2119 349 2188 sive
372 2119 586 2189 removendo
609 2139 752 2188 causam
776 2121 908 2206 damni,
934 2143 968 2192 v.
996 2143 1042 2208 o.,
1069 2121 1184 2210 ignem
1209 2123 1252 2192 ab
1268 2121 1343 2190 eius
1358 2143 1413 2190 ae-

26 2441 29 2522 ?
90 2415 719 2574 silita:tltttattdttrt
773 2409 1416 2566 (1113111213ῑὲ3331

26 2603 31 2652 g
90 2579 229 2652 scefame
248 2581 460 2647 morientem
483 2581 513 2635 εί
533 2595 601 2636 non
621 2595 718 2652 pave.
774 2581 901 2625 statuat
928 2576 1138 2642 praesentem
1160 2587 1229 2627 tlon
1250 2577 1333 2626 estut
1351 2571 1417 2628 Sibi

26 2655 30 2744 p
91 2660 144 2728 ris,
163 2659 313 2720 occidisti
336 2659 395 2739 (S.
420 2658 563 2717 Ambrae.
574 2655 607 2736 ):
631 2657 718 2732 atqui
773 2650 963 2706 timialia
977 2647 1028 2728 (D·
1041 2649 1113 2718 The
1129 2649 1149 2706 l·
1160 2649 1249 2718 c.,ad
1263 2648 1302 2721 33
1317 2649 1414 2729 71,1).

26 2747 28 2794 i
90 2744 166 2812 prout
180 2739 323 2798 venatori
339 2757 397 2796 non
413 2737 488 2796 licet
502 2737 599 2797 telum
616 2735 720 2796 iacere
833 2723 879 2802 (9)
895 2728 1007 2799 Salm,
1023 2729 1074 2799 21,
1090 2731 1121 2800 7,
1144 2719 1194 2788 22·

92 2815 189 2877 neum
204 2817 531 2894 quomdubitathomo
545 2817 638 2876 sitan
651 2815 719 2875 t'era
834 2804 900 2890 (10)
915 2810 951 2868 Ι).
969 2809 1041 2878 Tb,
1054 2809 1085 2879 2,
1102 2809 1133 2881 2,
1149 2809 1200 2879 32,
1217 2811 1246 2868 8·
1264 2810 1348 2876 Quae
1363 2829 1417 2868 va·

26 2895 27 2972 }
90 2893 187 2974 (Prol,
205 2899 274 2970 131,
292 2913 322 2956 n.
339 2895 404 2972 33),
426 2897 483 2966 ita,
501 2904 560 2956 etc.
774 2889 822 2948 rie
836 2888 999 2948 aestimari
1013 2889 1103 2947 debet
1114 2907 1153 2948 ex
1164 2895 1314 2964 tempore,
1327 2889 1416 2960 locis,

26 2975 30 3056 t
139 2975 181 3057 (8)
193 2980 231 3038 V.
246 2980 282 3038 S.
299 2977 407 3054 Alpin,
421 2975 463 3046 II,
476 2976 526 3046 31,
543 2977 593 3035 32.
607 2977 654 3036 Ex
670 2977 720 3035 bis
773 2977 806 3030 et
820 2969 853 3030 in
868 2967 979 3044 primis
994 2985 1034 3026 ex
1051 2969 1190 3044 personis
1211 2969 1415 3041 dominorum,

26 3063 27 3070 ’
91 3055 190 3116 duabus
204 3057 383 3126 sententiis,
401 3055 527 3116 difficile
541 3062 590 3116 est
611 3056 720 3114 defini·
774 3050 925 3120 dantium,
942 3053 975 3106 et
989 3048 1226 3124 accipientium:
1251 3065 1346 3121 quare
1361 3051 1417 3108 vix

26 3121 30 3164 t
92 3151 128 3207 re,
142 3141 210 3196 utra
225 3138 268 3198 sit
281 3137 492 3212 probabilior,
507 3141 634 3214 propter
650 3151 721 3212 gra·
774 3132 851 3192 licet
873 3128 1010 3188 famulis.

26 3221 28 3288 f
92 3217 134 3274 via
161 3219 320 3292 utriusque
354 3219 511 3275 rationum
546 3221 718 3288 momenta;
834 3205 901 3348 qll)
922 3205 1416 3284 Less.;Lugo,DeIust.,XV1‚

26 3335 28 3376 ,
91 3301 152 3355 ulra
170 3297 399 3364 communior,
419 3296 531 3372 quippo
553 3295 645 3354 multi
666 3295 719 3369 qui
774 3289 825 3360 65,
857 3285 1419 3364 9.Nempe,l⁰.,liberisexalioma·

26 3381 28 3432 l
92 3375 211 3449 priorem
233 3381 376 3447 tuentur,
408 3375 627 3434 necessitatem
650 3391 721 3450 gra·
774 3371 922 3431 trimonio
937 3369 1098 3446 susceptis,
1116 3367 1308 3445 parentibus,
1325 3370 1419 3428 immo

26 3445 28 3508 i
93 3471 150 3512 rem
161 3455 342 3532 plerumque
362 3455 519 3532 accipiunt
540 3471 620 3524 eam,
643 3471 721 3529 quae
774 3455 807 3510 et
829 3449 993 3518 iratribus,
1020 3453 1051 3507 et
1076 3447 1245 3518 sororibus,
1269 3448 1301 3505 in
1325 3451 1418 3524 gravi

26 3533 27 3538 ’
92 3539 237 3595 extremae
253 3553 358 3612 prope,
372 3538 466 3594 immo
477 3541 508 3594 et
520 3535 660 3610 proxime
672 3551 723 3593 ac·
766 3529 962 3608 ,necessitate
977 3527 1167 3598 constitutis,
1184 3527 1282 3585 sinon
1306 3529 1420 3589 habeat

26 3619 28 3648 ³
92 3614 171 3674 cedit.
187 3617 401 3692 Unusquisque
417 3613 447 3672 in
462 3631 516 3672 suo
527 3631 616 3672 sensu
628 3616 721 3674 abun·
774 3612 853 3669 bona
869 3608 992 3684 propria
1007 3609 1121 3689 (Lesa,
1138 3607 1302 3680 ΙΙ,12,88;
1320 3609 1417 3685 Lugo,

26 3721 28 3770 y
93 3691 149 3753 det:
171 3714 224 3755 nec
245 3695 454 3755 confessarius
469 3693 660 3752 inabsolutos
674 3695 719 3751 di·
775 3709 804 3750 n.
815 3689 853 3748 71
867 3707 876 3760 ς
896 3688 927 3746 S.
943 3689 1051 3764 Alph,
1068 3685 1151 3764 542).
1167 3689 1218 3759 Et,
1234 3685 1291 3757 2⁰,
1306 3689 1420 3748 ceteris

26 3787 28 3852 ς
94 3775 189 3836 mittat
209 3775 396 3836 senteutiam
418 3774 574 3832 mitiorem
597 3789 722 3847 sequen·
776 3771 927 3839 omnibuS,
944 3768 990 3837 si,
1007 3787 1047 3827 ex
1062 3785 1147 3828 moro
1162 3768 1315 3842 regionis,
1332 3767 1421 3826 dede-

26 3855 28 3888 *
93 3853 721 3928 te.Saneboetorangelicusdesiderare
776 3857 845 3910 caat
872 3865 939 3906 eam
966 3867 1025 3907 non
1052 3849 1172 3918 facero,
1202 3848 1279 3906 licet
1306 3845 1420 3907 hebeat

26 3975 28 4008 ,
95 3931 222 4008 videtur,
246 3939 279 3994 et
301 3935 331 3992 in
354 3937 478 4011 petente
503 3933 721 3991 necessitatem
775 3933 854 3990 bona
870 3930 995 4004 propria
1009 3929 1055 4009 (S.
1074 3927 1181 4006 arpa,
1199 3925 1256 3996 ΙΙΙ,
1268 3925 1344 3998 54ος
1360 3927 1421 3985 Lu-

95 4014 316 4085 gravissimam,
347 4019 379 4073 et
400 4013 432 4070 in
453 4013 545 4070 dante
567 4013 721 4088 superflua
777 4029 826 4088 go,
845 4027 875 4068 n.
892 4007 956 4088 64).
974 4011 1100 4080 Verum,
1114 4025 1204 4082 quam
1217 4006 1284 4066 sive
1300 4006 1369 4065 illis
1383 4007 1420 4066 de

26 4165 27 4176 ἵ
95 4105 245 4164 personae:
260 4095 338 4154 Non
358 4093 467 4152 omnis
487 4087 561 4171 (ait)
582 4095 721 4150 necessi·
775 4089 864 4150 bonis
888 4089 951 4149 viri
971 4088 1053 4168 (curn
1075 4105 1133 4147 non
1154 4087 1248 4180 babet
1269 4085 1418 4180 propria),

26 4207 27 4234 r
96 4177 138 4230 tas
150 4174 275 4252 odlipot,
296 4175 354 4234 sed
376 4173 437 4231 illa
451 4174 532 4240 sola,
548 4175 585 4230 in·
601 4189 667 4248 qua
683 4175 722 4241 is,
776 4172 857 4240 sive,
876 4169 964 4230 ultra
979 4185 1079 4227 mores
1095 4183 1244 4240 regiona,
1257 4166 1308 4224 bis
1330 4166 1420 4238 laert,

98 4255 148 4326 qai
162 4253 723 4329 necessitatempotitur,sustentari
776 4251 877 4310 soluto
898 4247 1118 4318 matrimonio,
1142 4246 1208 4322 ipso
1230 4245 1297 4304 iure
1319 4247 1421 4306 dotem

26 4323 28 4338 '
97 4349 156 4390 oon
168 4344 267 4410 potest
279 4337 330 4418 (Ι).
348 4335 420 4405 ἸΙι.,
436 4333 466 4404 2,
483 4333 513 4402 2,
530 4332 580 4405 32,
597 4331 639 4408 5).
667 4337 723 4391 At·
776 4331 890 4390 minuit
899 4329 1010 4408 (Lago,
1021 4347 1050 4387 n.
1063 4326 1114 4400 713
1127 4325 1240 4398 Salm,
1252 4325 1302 4398 21,
1314 4328 1344 4396 7,
1353 4324 1417 4403 20).

98 4427 147 4484 que
160 4411 359 4494 ideo(subdit)
369 4414 566 4488 eleemosyna
578 4415 632 4470 sub
643 4429 724 4472 mor·
836 4407 903 4490 (12)
916 4409 1013 4484 Lago,
1027 4407 1074 4466 Dc
1085 4405 1181 4473 Istat„
1193 4405 1278 4480 XVI,
1294 4408 1334 4466 64
1345 4411 1419 4479 etc,

26 4513 27 4518 ¹
99 4491 150 4552 tali
163 4491 298 4556 iacienda
313 4501 374 4566 est,
391 4511 433 4552 eor
446 4500 541 4570 parte
563 4495 723 4568 recipien-
779 4492 811 4550 S.
828 4490 938 4565 Alpa,
955 4489 1011 4558 III,
1028 4487 1097 4548 540.

100 4573 146 4641 ta,
158 4591 229 4634 cram
243 4583 382 4652 apparet
395 4575 540 4642 evidens,
555 4581 585 4632 et
599 4588 723 4649 orpaos
838 4567 904 4651 (13)
918 4571 957 4656 V
974 4569 988 4629 Ι
1004 4569 1095 4644 Ray„
1111 4568 1212 4638 XXV,
1231 4566 1269 4627 18
1284 4571 1344 4628 etc.
