3404 5126
3 251 5 272 ,
452 201 566 248 curor
590 203 625 248 u.
652 203 692 248 nn
715 201 861 257 urnaous
885 201 1112 250 nssrmurroun
1395 182 1457 250 197

101 321 191 372 esse
210 303 293 392 (tt),
318 299 460 394 quidam
484 303 555 371 illis
579 302 743 391 primum,
769 307 859 390 tum,
885 303 913 371 si
938 303 1020 394 quid
1036 309 1203 394 superest,
1222 302 1290 388 lala
1307 304 1386 396 quia
1404 307 1458 376 his

101 429 161 478 ex
184 407 260 478 iure
284 408 467 494 canonico,
493 407 559 478 illis
583 429 629 479 ex
652 408 784 479 iustitia
808 407 953 480 debetur
979 411 1068 500 (ΙΙ),
1102 410 1276 482 sententia
1310 417 1458 504 utraque

103 515 145 582 S.
175 513 352 604 Alphonso
374 513 559 604 probabilis
578 514 661 604 (ΙΙ).
690 513 810 585 Dicam
835 514 979 584 omnino
995 515 1087 606 quod
1102 515 1227 604 sentio;
1250 516 1455 605 formidans,

104 618 194 710 quia
208 617 342 708 primus
354 619 455 690 forte.
471 625 590 710 ltaque
603 619 688 690 mihi
701 619 983 709 distinguendum
996 620 1146 707 videtur,
1156 627 1275 692 utrum
1288 621 1456 692 damnum

3 761 5 816 5
104 724 206 814 passi
229 723 356 794 incerti
380 723 515 814 proprie
539 724 623 811 sint,
649 746 695 794 an
720 723 829 814 magis
850 724 960 815 ignoti
980 729 1033 816 (V.
1054 735 1072 809 ἓ
1090 727 1182 815 218).
1198 727 1231 798 Si
1248 749 1387 813 mooun,
1405 748 1456 797 se·
1583 807 1587 810 ,

3 817 7 908 l
103 831 230 900 cunda
253 831 429 900 sententia
452 837 514 900 aut
537 831 655 902 verior
678 837 731 902 est
756 834 850 920 (cum
874 832 969 902 nullo
993 832 1067 902 iure
1084 839 1226 902 cautum
1244 832 1301 918 sit,
1319 831 1456 902 restitu-

3 945 5 1008 ἒ
104 936 250 1008 tionem
274 936 481 1027 pauperibus
504 937 699 1009 taciendam
716 937 826 1026 esse),
840 943 902 1008 aut
916 937 1059 1030 aequior
1081 942 1188 1026 certe,
1206 937 1287 1029 quia
1300 939 1457 1028 primum

103 1042 288 1113 sarciendi
313 1050 395 1112 sunt
418 1043 467 1129 hi,
492 1064 578 1136 quos
599 1044 779 1134 probabile
802 1053 860 1130 est,
886 1065 992 1136 quam
1015 1045 1051 1114 hi
1075 1065 1161 1136 quos
1184 1053 1319 1115 coortat
1336 1045 1454 1114 oolla·

3 1169 5 1250 f
106 1159 219 1220 tecam
241 1151 351 1220 laesos
376 1151 493 1222 tuisse:
520 1150 574 1220 sin
598 1174 716 1236 reson,
742 1171 823 1221 cum
848 1150 933 1220 nulli
950 1150 1021 1221 sint
1035 1151 1159 1244 quibus
1171 1149 1345 1220 restitutio
1363 1171 1456 1220 com·

3 1315 4 1318 ,
106 1261 225 1346 petat,
251 1277 312 1325 scu
335 1256 486 1327 naturali
510 1255 598 1342 iure,
626 1276 688 1327 seu
711 1255 893 1342 canonico,
919 1255 956 1326 in
972 1256 1046 1346 pias
1061 1276 1183 1327 causas
1198 1255 1357 1326 iacienda
1374 1254 1453 1324 erit.

3 1405 5 1412 ,
108 1367 210 1432 Num
234 1363 320 1432 haec
343 1369 451 1450 recte,
477 1362 631 1434 viderint
654 1362 838 1453 sapientes.

174 1471 261 1540 Heio
283 1471 520 1562 quaerendum
545 1476 647 1555 essct,
673 1491 719 1540 an
742 1475 853 1540 cesset
876 1469 1049 1540 restitutio
1072 1469 1101 1540 si
1117 1469 1253 1539 dubites
1268 1475 1387 1538 utrum
1405 1489 1457 1537 re·

104 1575 271 1646 stitueris
292 1596 358 1646 nec
381 1597 439 1664 ne;
464 1577 524 1646 sed
547 1576 589 1646 de
613 1573 679 1646 iioe
703 1575 899 1666 generatius
921 1576 958 1645 in
983 1581 1037 1646 Tr.
1066 1580 1114 1645 De
1141 1576 1392 1646 Contractiloo.

323 1817 404 1882 Aur.
430 1818 472 1882 ΙΙ.
499 1817 548 1882 De
572 1817 853 1882 restitutionem
877 1834 916 1881 re
940 1817 1069 1882 totoue
1092 1824 1247 1903 accepto.

177 2009 256 2080 258.
282 2017 375 2080 Haec
399 2009 573 2080 restitutio
599 2009 667 2098 (cui
690 2007 818 2077 tradita
841 2027 862 2076 a
885 2007 1019 2078 Nostris
1041 2008 1271 2080 restitutionis
1286 2009 1455 2096 delinitio,

3 2157 5 2210 ζ
107 2118 233 2204 glot,
259 2137 295 2186 n.
322 2118 364 2202 5,
391 2137 491 2206 aegre
523 2117 673 2206 aptatur)
701 2114 869 2205 competit
896 2116 1027 2200 abeo,
1061 2115 1119 2207 qui
1153 2137 1227 2186 rcm
1260 2137 1389 2202 meam,
1423 2121 1459 2186 et

108 2225 246 2294 iniuste
270 2225 415 2312 accepit,
441 2231 477 2292 et
499 2221 650 2313 possidet
673 2221 814 2311 iniuste,
839 2242 900 2292 scu
924 2222 1050 2313 potius,
1075 2224 1119 2294 ab
1141 2244 1183 2294 eo
1206 2224 1265 2316 qui
1280 2246 1358 2295 eam
1383 2245 1458 2316 pos·

3 2347 5 2434 j
108 2331 206 2402 sidet
229 2331 324 2402 nullo
346 2351 498 2422 prorsus,
524 2337 597 2417 aut,
624 2330 773 2401 naturali
798 2330 885 2416 iure,
912 2331 1009 2402 irrito
1033 2331 1134 2402 titulo
1154 2335 1213 2423 (Ι).
1248 2339 1291 2402 Et
1319 2352 1456 2422 poenae

3 2475 5 2532 p
110 2437 204 2508 nihil
227 2439 344 2524 habet,
370 2437 451 2529 quia
475 2457 546 2508 non
570 2437 736 2508 diminuit
758 2437 1008 2528 patrimonium
1033 2439 1262 2526 restituentis,
1287 2441 1347 2510 sed
1380 2463 1456 2532 pro-

110 2545 195 2616 fluit
217 2567 262 2616 ex
286 2565 326 2614 ea
349 2544 478 2634 regula:
505 2565 561 2613 res
584 2545 718 2614 elamat
742 2545 791 2614 od
814 2545 1010 2612 domiuum.
1037 2544 1196 2630 Proinde,
1224 2566 1295 2616 non
1319 2545 1457 2636 inspici·

3 2691 17 2718 ·.
110 2659 188 2737 tur,
213 2673 233 2720 a
256 2672 337 2742 quo,
363 2651 419 2720 vel
442 2671 510 2742 qua
535 2669 707 2720 excausa
731 2651 826 2721 illam
850 2650 1024 2740 possideas
1041 2653 1102 2740 (Ξ),
1127 2651 1252 2744 quippe
1276 2653 1362 2723 hacc
1386 2675 1458 2724 non

3 2817 5 2846 ,
112 2763 258 2828 mutant
280 2757 355 2828 iura
379 2757 542 2847 dominii,
562 2779 631 2851 nec
650 2765 769 2828 utrum
793 2759 896 2844 hona,
914 2779 959 2827 an
983 2781 1031 2828 m.
1051 2761 1091 2846 i.,
1109 2757 1189 2850 quia
1205 2765 1324 2829 nostra
1340 2760 1457 2830 existi·
1550 2816 1553 2822 .

3 2931 5 2948 ,
112 2865 224 2950 matio
248 2864 297 2934 rei
321 2864 508 2935 veritatem
533 2885 605 2936 non
630 2871 755 2934 mutat.
781 2871 857 2935 Huc
886 2864 1010 2935 recidit
1043 2865 1216 2935 restitutio
1250 2885 1295 2936 ex
1326 2865 1455 2936 iniusta

3 3011 5 3050 ς
110 2972 332 3063 acceptione,
357 2971 386 3040 si
409 2971 488 3063 quis
511 2993 589 3041 eam
613 2971 775 3041 distraxit
798 2977 834 3041 et
857 2971 1008 3062 pretium
1032 2972 1179 3063 acecpit,
1205 2973 1261 3042 vel
1282 2975 1456 3043 'consum-

3 3073 5 3126 ῗ
113 3080 197 3172 psit,
223 3081 251 3150 si
275 3080 401 3150 exinde
426 3081 537 3150 iactus
561 3080 606 3150 sit
628 3079 843 3169 locupletium
868 3079 949 3170 quia
974 3081 1045 3149 illie
1068 3080 1232 3170 pretium,
1250 3080 1306 3150 lic
1321 3081 1458 3152 lucrum

3 3241 4 3244 ,
111 3187 372 3281 quodammodo
396 3187 588 3257 succedunt
603 3187 639 3256 in
655 3187 770 3256 locum
787 3185 850 3256 rei:
869 3186 926 3255 cui
942 3186 1086 3276 proinde
1102 3207 1165 3258 suo
1181 3189 1283 3260 modo
1306 3190 1457 3280 aptanda

191 3413 524 3494 22)Moun.,111‚760;
535 3417 632 3492 Lugo,
646 3415 717 3486 XX,
729 3415 758 3476 5.
813 3417 905 3489 riter,
929 3418 1010 3476 iuste
1032 3417 1161 3476 interim
1191 3417 1359 3492 possident.
1391 3413 1458 3474 Nec

190 3495 244 3577 23)
264 3497 373 3572 Vasq.,
397 3495 471 3573 Gap.
488 3496 545 3566 XI,
569 3514 601 3554 n.
615 3497 759 3570 Εἰώθει,
814 3497 866 3574 qui
888 3515 956 3556 eam
984 3495 1141 3573 possidere
1170 3501 1335 3572 coeperant
1362 3494 1458 3554 titulo

3 3593 5 3628 ῑ
113 3577 157 3648 ΙΙ,
183 3577 234 3652 15,
257 3577 287 3647 4;
310 3575 436 3653 noym,
463 3579 504 3648 X,
529 3577 564 3648 1;
589 3575 760 3649 Salmant,
814 3577 936 3654 quidem
959 3577 1051 3648 iusto,
1075 3595 1107 3636 v.
1131 3595 1173 3649 c.,
1196 3576 1344 3646 locatam,
1377 3592 1458 3633 com·

3 3709 4 3712 ,
117 3658 167 3728 13,
194 3659 223 3732 Ι,
248 3657 316 3716 130.
814 3658 981 3728 medatem,
1005 3655 1032 3715 si
1054 3657 1258 3733 impraesens,
1275 3654 1361 3714 nullo
1377 3654 1456 3726 iure,

177 3737 243 3818 (24)
266 3739 298 3797 S.
322 3735 431 3814 Alpa,
455 3737 512 3809 111,
534 3737 605 3797 687.
630 3737 675 3794 Da
703 3735 762 3795 huo
814 3741 847 3798 et
868 3735 970 3796 inrito
990 3736 1124 3808 domino,
1148 3753 1216 3794 eam
1237 3729 1406 3810 possident,
1424 3752 1455 3793 v.

115 3821 265 3890 materia,
287 3819 363 3876 adeo
383 3817 462 3894 apud
476 3817 609 3876 Nostros
622 3816 715 3875 varia
730 3819 763 3874 ot
814 3837 855 3890 c.,
879 3817 970 3876 linita
991 3815 1158 3888 locatione,
1181 3814 1233 3873 vel
1249 3813 1455 3873 commodato:

115 3898 269 3975 implexa,
300 3897 383 3969 vide,
417 3899 445 3958 si
476 3897 572 3970 lubet,
606 3895 760 3968 Lessium,
814 3897 890 3956 licet
910 3903 943 3956 et
971 3897 1021 3956 his
1051 3895 1231 3972 plerumque
1257 3891 1362 3970 aptari
1387 3910 1456 3970 pos·

3 3983 4 3988 ’
114 3979 154 4060 (l.
173 3997 215 4049 c.,
237 3997 256 4037 a
276 3997 307 4038 n.
330 3973 364 4056 2)
399 3982 432 4036 et
465 3978 623 4054 Lugonem
644 3975 759 4056 (XVII,
814 3977 888 4046 sint,
912 3993 989 4052 quae
1011 3975 1062 4035 hic
1083 3973 1199 4035 dicturi
1220 3991 1336 4032 sumus.

114 4079 135 4124 a
157 4077 188 4118 n·
212 4059 254 4137 8)·
873 4053 919 4136 (2)
939 4057 975 4116 L.
992 4055 1022 4126 9,
1040 4055 1087 4114 De
1101 4055 1140 4114 R.
1162 4053 1254 4114 V.·A
1269 4070 1345 4128 pcto·
1359 4071 1391 4110 v.
1411 4070 1451 4124 c.,

177 4136 224 4219 (1)
243 4137 358 4208 Nullo,
386 4141 461 4214 puta
488 4143 678 4214 surreptam,
708 4135 760 4194 vel
814 4135 934 4208 afore,
958 4135 1009 4194 vel
1030 4137 1068 4193 ab
1089 4153 1124 4194 eo
1145 4135 1197 4210 qui
1218 4137 1248 4192 b.
1266 4133 1290 4191 f.
1307 4149 1374 4190 eam
1392 4149 1458 4208 pos-

3 4227 4 4240 *
116 4219 300 4280 inventam:
324 4221 490 4292 irrlt0,v.
516 4237 558 4288 c.,
584 4223 721 4294 emptam
743 4231 762 4273 a
814 4215 945 4288 sidobat;
968 4233 1007 4273 an
1029 4215 1067 4273 ab
1083 4214 1149 4290 ipso
1163 4215 1286 4273 domino
1297 4210 1350 4286 qui
1366 4211 1458 4271 illam

3 4367 5 4370 ,
114 4317 175 4360 non
203 4300 338 4373 domiuo,
365 4299 417 4358 vol
443 4297 671 4357 adominonou
687 4313 760 4356 suae
813 4295 874 4355 tibi
895 4313 950 4372 per
975 4310 1114 4354 errorem
1139 4291 1391 4356 tradidit-Quo
1413 4309 1457 4350 em

114 4379 243 4440 mentis.
267 4380 350 4456 Ergo
372 4379 431 4438 huo
445 4395 505 4438 non
519 4376 690 4454 pertinent,
707 4373 760 4453 qui
813 4393 929 4444 eausa,
951 4393 982 4433 v.
1006 4393 1047 4446 c.,
1071 4391 1109 4431 ex
1132 4376 1246 4450 empto,
1270 4389 1309 4430 ex
1330 4372 1456 4444 donato,

114 4479 185 4519 eam
208 4459 365 4536 possident
385 4475 424 4518 ex
445 4457 540 4518 titulo
561 4457 693 4517 obnoxio
714 4475 761 4516 re·
814 4473 852 4514 cs
874 4455 1077 4526 commodato,
1093 4471 1133 4513 ex
1148 4452 1300 4530 deposito,
1314 4455 1388 4512 etc:
1406 4451 1459 4510 vel

3 4525 5 4562 ³
115 4537 761 4616 stitutioniinintegrumquippe,regula·
813 4540 885 4596 ate
909 4539 1066 4594 servatam
1089 4535 1127 4594 ab
1148 4533 1311 4614 interitu„
