3430 5122
287 185 397 269 *emur
422 225 444 269 1.
461 240 484 254 -
500 223 606 270 sacrm
630 225 664 270 n.
683 241 704 252 -
720 225 759 270 66
783 183 1055 278 russumuronon
1079 223 1270 270 arreermus
1383 203 1448 274 505

10 335 12 354 ³
99 324 224 396 dentes
247 345 369 395 omnes
392 343 542 414 prorsus,
567 325 781 396 collaterales
803 325 846 396 ad
881 325 1056 395 decimum
1080 345 1188 416 usque
1213 327 1369 414 gradum,
1392 324 1449 396 vel

10 477 11 480 =
96 437 240 502 sextum
265 431 347 520 (51).
375 429 437 500 Ubi
460 437 578 502 eutem
603 432 717 521 plures
740 439 823 504 sunt
835 431 1098 521 consanguinei,
1124 437 1160 502 et
1183 430 1449 520 omnibuslega·

96 542 178 608 tum
201 559 274 608 non
297 538 436 622 suffieit,
461 537 730 628 proximioribus
753 539 906 610 dandum
930 539 997 609 erit
1016 541 1098 629 (66).
1120 546 1266 610 Domum
1290 536 1450 608 relietum

97 646 271 718 saberdoti
295 650 357 737 poi
379 649 418 714 in
442 667 479 716 eo
504 647 629 734 templo
652 649 730 732 erit,
755 647 886 737 templo
911 646 1070 716 relietum
1093 645 1299 736 intelligitur
1320 645 1402 732 (117).

644 869 839 944 SECTIO
860 873 908 942 II.

496 1029 535 1072 DE
559 1028 832 1074 resrsusnronull
857 1029 1059 1076 suduculum.

164 1149 208 1216 ut
234 1151 481 1216 testamentum
506 1145 670 1216 ellectum
693 1146 844 1238 aliquem
870 1146 1057 1236 producere
1083 1148 1202 1238 possit,
1229 1167 1369 1218 neeesse
1399 1107 1453 1216 est

104 1261 146 1326 ut
180 1253 287 1324 fuerit
321 1253 515 1344 perfeetum
543 1254 603 1340 (1),
629 1259 664 1322 61
687 1257 727 1321 61
749 1253 794 1322 611
828 1255 961 1324 laetum
1007 1253 1081 1324 iure
1108 1256 1167 1346 (2).
1195 1253 1360 1346 Amplius
1392 1275 1451 1324 ne·

5 1375 7 1454 j
102 1380 202 1430 cesse
226 1363 291 1444 est,
317 1364 356 1426 ut
380 1363 498 1448 postea
522 1358 740 1430 inlirmetum
764 1381 835 1432 non
863 1361 987 1430 fuerit:
1013 1381 1119 1454 quare
1142 1367 1225 1432 ante
1260 1361 1379 1432 omnia
1402 1359 1452 1428 di-

105 1460 325 1552 spiciendum
349 1457 426 1528 erit.
509 1552 513 1558 Ι

294 1649 375 1716 ber.
403 1651 428 1714 l.
459 1645 762 1727 Quemadmodum
787 1655 994 1728 testoroenlo
1018 1649 1265 1740 infirmentur.

548 1755 592 1816 Et
615 1751 657 1818 de
680 1755 759 1820 iore
781 1757 1014 1824 accrescendi.

168 1909 245 1978 560.
265 1911 486 1976 Testamenta
510 1905 586 1976 iure
609 1908 701 1978 laeta
718 1909 901 1999 tripliciter
925 1911 1093 1984 infirmari
1117 1919 1279 2004 possunt:
1301 1915 1363 1998 l⁰.,
1379 1933 1454 1982 mu-

3 2009 5 2046 *
105 2014 242 2084 tatione
267 2009 478 2098 voluntatis,
505 2013 571 2097 2⁰,
597 2013 783 2102 agnatione
804 2017 998 2107 posthumi;
1025 2021 1091 2104 5⁰,
1116 2018 1356 2088 deficientibus
1386 2017 1452 2103 hie,

2 2105 3 2166 Ὗ
104 2119 233 2212 quibus
255 2123 467 2186 testamento
499 2117 659 2188 relietum
683 2120 760 2189 luit.
788 2121 961 2210 Principio
991 2123 1109 2214 igitur,
1139 2129 1349 2194 testamenta
1373 2143 1453 2193 eva-

105 2230 271 2308 nescunt,
297 2222 324 2292 si
349 2229 494 2292 testator
517 2225 736 2295 voluntatem
761 2246 860 2298 suam
885 2229 1037 2300 mutavit
1059 2249 1232 2320 expresse,
1254 2231 1311 2300 vel
1333 2227 1452 2316 tacite,

107 2329 272 2423 quamvis
295 2351 366 2400 non
392 2335 609 2400 mutaturum
634 2331 838 2421 promiserit·
854 2337 912 2424 (1).
942 2341 1111 2426 Expressa
1134 2337 1292 2407 revocari
1319 2335 1452 2424 nequit,

1 2485 2 2494 .
109 2439 177 2509 nisi
200 2438 269 2508 olio
292 2443 503 2506 testamento
526 2437 602 2508 iure
625 2440 717 2509 laeto
743 2443 809 2530 (2),
836 2449 898 2512 eut
920 2443 1153 2516 instrumento
1176 2465 1295 2515 coram
1319 2442 1455 2526 noterio

108 2553 145 2616 et
166 2549 317 2638 quatuor
339 2541 472 2611 idoneis
494 2542 653 2629 testibus,
672 2564 737 2614 666
753 2567 815 2635 per
837 2555 1110 2638 procuratorem,
1136 2552 1297 2620 conlecto
1313 2551 1376 2640 (5);
1403 2557 1455 2619 to·

171 2741 239 2880 iffi)
261 2741 308 2800 Ex
329 2740 363 2800 0.
387 2739 442 2810 It.,
464 2738 536 2810 730,
559 2739 634 2810 742,
658 2737 756 2816 Lago,
811 2723 888 2817 9163
906 2727 943 2820 V.
959 2729 992 2788 0.
1006 2731 1079 2800 Au,
1102 2727 1173 2788 7l6.
1188 2730 1228 2788 Et
1249 2727 1370 2788 iuratus
1386 2745 1456 2804 pro·

108 2824 171 2884 xx
190 2821 230 2892 V,
253 2821 324 2881 289,
811 2812 951 2880 miser1t3
967 2813 1000 2868 et
1020 2825 1254 2885 promlssrouem
1274 2813 1456 2884 acceptave·

169 2903 237 2980 (56)
258 2899 387 2972 866616.)
411 2899 514 2974 Lago,
537 2898 662 2969 XXIV,
685 2899 757 2960 200.

187 2983 241 3060 57)
261 2981 297 3040 L.
315 2979 366 3050 20,
382 2979 401 3054 5
423 2978 452 3050 1,
469 2978 515 3036 De
536 2980 628 3037 Ano.
645 2980 756 3054 Lepet.

172 2983 219 3140 11)
241 3059 460 3137 Imperfectum
489 3075 544 3133 pro
570 3058 686 3117 inlecto
711 3065 759 3119 est

1 3129 2 3132 Ἴ
108 3145 180 3205 sive
201 3142 299 3218 quood
321 3139 516 3199 voluntatem
543 3137 758 3214 imperfectum

110 3221 222 3292 fuerit,
247 3220 346 3279 veluti
375 3219 403 3278 si
429 3222 565 3278 testator
596 3218 759 3276 heredibus

109 3302 224 3382 primis
245 3299 438 3375 nuncupatis,
456 3299 634 3373 priusquam
655 3315 761 3356 seeun-

110 3387 166 3444 dos
199 3381 401 3456 exprimeret,
435 3379 649 3448 obmutuisset,
681 3379 759 3452 quod

111 3479 204 3524 nemo
213 3461 336 3520 dubitat
346 3458 397 3535 (L.
410 3459 460 3529 25,
474 3457 522 3517 De
534 3457 759 3536 Testameot.);

111 3543 183 3602 sive
204 3541 302 3616 quoad
328 3539 570 3610 solemnitatem,
599 3541 707 3614 utputa
732 3537 760 3596 si

110 3641 148 3682 eo
169 3623 302 3680 noudum
323 3619 497 3696 subscripto
518 3619 697 3677 decesserit.
718 3618 759 3677 U·

111 3710 200 3764 trum
224 3716 296 3758 vero
319 3699 375 3756 boe
395 3705 583 3774 postremum
604 3698 693 3755 bodie
716 3698 760 3757 lo·

113 3799 185 3842 eum
208 3779 321 3838 babeat
342 3779 372 3836 iu
402 3779 601 3838 testamentis
626 3777 663 3834 ad
696 3777 760 3851 pias

114 3877 226 3921 666666
253 3859 305 3938 (V.
330 3859 433 3934 Lugo‚
457 3857 503 3917 De
525 3855 627 3926 Just,
649 3857 758 3927 XXII,

112 3937 191 4017 275)
201 3944 295 3999 extre
310 3939 464 3998 llitionem
479 3937 691 4007 Pontifieiam,
702 3955 761 3995 non

114 4022 217 4081 susim
237 4019 378 4079 delinire.

176 4097 223 4180 (2)
244 4099 281 4158 V.
299 4099 318 4174 5
339 4099 409 4158 336.
427 4097 650 4167 Nihilominus,
666 4094 694 4154 si
709 4093 761 4154 he-

114 4197 167 4242 res
189 4196 244 4240 666
257 4185 365 4256 sponte
379 4181 598 4238 testamentum
614 4176 761 4252 impleve-

113 4263 160 4323 rit
182 4261 284 4322 seieus
314 4260 457 4336 prudens,
480 4274 520 4314 ex
547 4275 583 4315 eo
609 4263 759 4332 tempore,

1 4393 2 4406 .
113 4341 184 4402 iure
195 4345 313 4410 nostro,
328 4339 435 4398 valere
450 4337 561 4412 ineipit
572 4335 657 4414 (Art.
671 4335 759 4406 1310,

116 4419 215 4491 1311;
237 4419 276 4478 V.
301 4420 336 4479 0.
359 4417 524 4489 e.‚1339;
547 4423 579 4477 61
601 4416 638 4475 L.
658 4415 705 4488 16,
723 4418 757 4476 G.

114 4503 164 4563 De
191 4497 357 4578 restam).

176 4581 222 4662 (1)
243 4581 279 4642 L.
302 4580 352 4654 32,
368 4579 415 4639 De
434 4579 559 4654 Lepon,
574 4577 637 4648 1113
655 4575 689 4635 0.
704 4573 759 4645 Ι1.,

811 2887 857 2944 rit
879 2886 916 2958 is,
934 2888 1020 2946 ouius
1042 2887 1150 2947 farore
1164 2907 1201 2946 ea
1222 2888 1308 2947 laeta
1327 2893 1377 2948 est
1394 2885 1456 2966 (Ex

812 2966 867 3024 eit.
891 2969 963 3027 Art.
980 2967 1062 3046 916).
1082 2971 1122 3028 Et
1144 2969 1313 3028 eommunis
1333 2975 1456 3028 seuten-

813 3045 859 3104 tia
873 3052 932 3117 est,
946 3053 1028 3107 teste
1046 3049 1132 3125 Lugo
1153 3048 1283 3126 (XXIV,
1298 3048 1349 3120 27,
1366 3046 1455 3126 ete),

812 3127 863 3184 sed
887 3129 1058 3202 gravinen
1081 3135 1184 3188 vacet.

871 3205 916 3284 (2)
938 3206 975 3266 L.
998 3209 1029 3278 3,
1053 3210 1072 3284 5
1092 3211 1122 3280 2,
1147 3209 1240 3272 Ouio.
1265 3207 1349 3267 mod.
1385 3215 1453 3266 test.

813 3285 921 3362 infir.;
943 3289 977 3348 0.
1001 3288 1055 3360 lt,
1078 3289 1156 3362 9173
1178 3291 1216 3348 V.
1236 3291 1269 3348 0.
1288 3291 1339 3360 (1.,
1366 3286 1454 3348 1035.

812 3366 917 3424 Etiam
949 3369 1089 3444 speciali
1119 3369 1169 3448 (L.
1193 3370 1243 3440 37,
1267 3369 1287 3444 5
1307 3369 1380 3439 ult,
1411 3368 1458 3426 De

812 3447 914 3506 Melit.
948 3450 1043 3528 test).
1073 3451 1114 3510 Et
1146 3449 1223 3510 lieet
1252 3467 1331 3506 novo
1361 3451 1457 3507 tosta·

813 3531 917 3586 mento
947 3530 1039 3601 nihil,
1072 3537 1197 3607 praeter
1227 3527 1458 3588 revocationem

813 3607 941 3684 prioris,
974 3610 1180 3682 eontinentur,
1213 3625 1291 3684 quae
1325 3623 1458 3666 eommu-

813 3687 883 3746 nior
903 3686 1062 3765 (Durent.,
1079 3691 1135 3762 IX,
1158 3689 1237 3760 4313
1260 3687 1368 3759 zoob,
1383 3686 1455 3758 725,

813 3785 843 3827 n.
867 3768 910 3846 3),
934 3774 966 3829 et
986 3769 1093 3830 verior
1113 3769 1268 3830 sententia
1288 3773 1353 3838 est,
1373 3783 1457 3838 nam,

813 3864 891 3922 quae
912 3851 981 3924 quis
1001 3853 1131 3926 seriptis
1153 3849 1275 3920 adimit,
1298 3863 1335 3904 ee
1361 3847 1460 3906 166116

814 3928 917 4086 gel‘ept
942 3931 1096 4006 lepitimls
1118 3930 1167 4006 (L.
1191 3930 1221 4000 8,
1245 3928 1263 4001 5
1286 3927 1314 3998 l,
1330 3927 1378 3987 De
1404 3926 1459 3984 Co·

839 4026 906 4067 ee..

874 4089 920 4168 (3)
941 4091 974 4152 0.
999 4089 1147 4160 11.,017;
1169 4088 1208 4148 V.
1232 4087 1268 4145 L.
1285 4088 1336 4157 27,
1360 4085 1459 4162 doe

817 4169 972 4240 71661666,Ι
993 4173 1026 4230 61
1046 4172 1148 4240 0.0.,
1167 4167 1254 4229 1035.
1275 4169 1402 4238 Verum,
1414 4171 1460 4226 te-

816 4254 1004 4311 stamentum
1025 4251 1102 4326 quod
1132 4252 1312 4309 revocatum
1343 4247 1457 4318 luerat,

816 4330 942 4388 restitui
964 4349 1023 4389 non
1051 4335 1163 4406 potest,
1186 4328 1247 4388 nisi
1267 4325 1332 4386 elio
1362 4329 1461 4388 testa·

816 4415 920 4468 mento
942 4411 1006 4470 rite
1025 4411 1108 4470 laeto
1129 4407 1253 4490 (0.11.,’
1272 4405 1356 4484 010),
1373 4423 1460 4466 66666

814 4505 854 4547 ex
875 4488 943 4548 iure
964 4490 1047 4550 Gall.
1070 4488 1123 4569 (V.
1147 4489 1254 4561 Zaeh.,
1276 4485 1349 4560 725,
1365 4505 1396 4546 6.
1420 4486 1455 4558 5;

816 4569 854 4630 V.
878 4571 911 4631 0.
935 4571 1008 4641 Au,
1024 4567 1107 4648 723).
